1739 3067
1504 158 1568 208 13

171 289 311 335 bisce
329 283 509 330 verbis:
537 278 855 363 γεννηθῆναι
880 276 938 326 δὲ
960 275 1125 327 αὐτόν
1156 293 1317 344 φασιν
1347 277 1567 344 ἑβδομη-

170 356 325 418 κοστῆ
344 347 516 417 πρώτῃ
527 295 830 410 Ὀλυμπιάδι
846 346 976 399 κατὰ
1003 347 1063 398 τὸ
1086 346 1372 416 ‹Febrem-³
1353 352 1483 404 e⁵co3
1490 348 1570 398 ἐπὶ

170 426 425 490 ἄρχοντος
429 413 672 481 Ἀθήνῃσι
693 415 963 467 Φιλίππου.
1031 419 1225 479 Quam-⁶
1209 438 1261 467 m
1280 421 1569 467 sententiam

168 497 313 559 plane
368 490 643 538 destitutam
691 489 895 535 aliorum
950 490 1230 537 auctoritate
1281 491 1569 553 scriptorum

171 566 328 613 abiere
350 559 600 608 Fabricius
615 553 688 618 ³⁸),
722 556 1388 621 Iaess1ng1us³⁹)Boeekhius
1406 559 1485 624 ⁴⁰),
1520 569 1566 606 et

169 635 253 698 qui
279 638 580 693 praemature
611 642 766 687 nuper
796 627 922 673 diem
957 628 1077 674 obiit
1107 645 1406 691 supremum,
1450 629 1566 676 Pas-

171 702 331 751 sovius
351 697 430 764 ⁴¹);
480 696 778 758 reliquorum
798 698 1172 757 praetermittere
1193 700 1391 745 nomina
1411 700 1565 746 liceat.

169 772 335 834 Neque
355 770 441 815 illo
465 775 773 826 argumento,
809 767 868 811 de
888 766 1107 827 epiniciis
1129 769 1301 828 petito,
1336 785 1456 831 quae
1474 766 1566 815 So-

170 840 364 904 phocles
394 846 502 899 post
533 851 743 897 pugnam
774 833 1083 883 Salaminiam
1118 834 1200 886 Ol.
1218 836 1415 883 LXXV
1459 855 1500 883 a.
1521 840 1568 886 1.

169 909 438 970 auspicatus
469 922 566 951 esse
599 905 801 962 dicitur,
844 904 983 951 Vitae
1016 907 1258 967 scriptoris
1287 908 1567 953 sententiam

168 973 441 1027 Boeckhius
474 974 772 1022 confirmavit
809 974 899 1031 ita,
971 984 1025 1021 ut
1056 974 1316 1023 Marmoris
1356 993 1409 1022 ac
1446 973 1569 1022 Dio-

170 1049 279 1095 dori
318 1044 615 1100 testimonia,
677 1044 851 1106 quibus
879 1060 968 1089 nos
1010 1046 1201 1107 quidem
1243 1046 1384 1093 fidem
1418 1042 1567 1091 habe-

168 1133 302 1172 mus,
334 1116 652 1174 redargueret.
743 1111 911 1171 Quid?
955 1115 1084 1175 quod
1108 1114 1305 1161 eandem
1330 1111 1568 1160 Athenaei

170 1196 216 1234 et
254 1184 395 1232 Vitae
436 1183 681 1246 scriptoris
726 1183 1135 1230 narratiunculam
1171 1198 1370 1245 prorsus
1407 1185 1566 1231 favere

167 1255 438 1303 videbimus
469 1251 531 1318 ⁴²)
606 1261 797 1299 nostrae
864 1253 1138 1301 sententiae.
1265 1252 1396 1314 Quia
1452 1270 1566 1300 vero

169 1322 457 1387 Sophoclem
488 1323 533 1367 V
536 1321 595 1371 V.
627 1320 734 1371 DD.
755 1320 813 1389 ⁴³)
886 1339 1015 1369 anno
1055 1320 1362 1386 Olympiadis
1392 1321 1569 1371 XCIII.

168 1395 374 1441 secundo
402 1402 649 1438 mortuum
684 1408 781 1437 esse
815 1401 1082 1438 statuerunt
1111 1391 1226 1454 (qua
1256 1394 1316 1439 de
1337 1409 1412 1449 re,
1449 1402 1570 1439 tem·

164 1480 281 1523 pore
312 1479 443 1509 nunc
475 1461 678 1517 exclusi,
713 1461 829 1506 alias
858 1461 1251 1526 disputabimus):
1293 1458 1571 1508 Boeckhius

166 1533 261 1579 iam
284 1532 425 1577 unice
454 1531 632 1592 pendet
652 1546 707 1574 ex
730 1528 871 1576 Vitae
891 1527 1183 1592 Sophocleae
1206 1532 1316 1578 loro
1335 1531 1421 1578 illo
1435 1568 1448 1588 ,
1482 1531 1571 1577 ubi

166 1598 408 1648 archontis
438 1617 616 1646 nomen
637 1610 1051 1649 commemoratur.
1122 1598 1282 1647 Huius
1301 1611 1460 1648 autem
1490 1617 1570 1647 ar-

167 1668 354 1716 chontis
396 1688 422 1715 a
465 1670 658 1715 nemine
698 1669 793 1714 nisi
832 1668 972 1714 Vitae
1010 1669 1239 1731 scriptore
1277 1670 1458 1718 mentio
1499 1678 1570 1716 est

164 1741 304 1798 facta3
353 1756 440 1786 nec
471 1739 717 1800 proditum
752 1748 821 1784 est
855 1739 914 1785 ab
945 1739 1155 1801 antiquis
1188 1740 1289 1786 eius
1320 1736 1567 1786 archontis

164 1825 367 1865 nomen,
415 1809 501 1871 qui
529 1805 725 1871 Olymp.
748 1806 897 1855 LXX.
945 1825 986 1856 a.
1007 1807 1056 1857 4.
1104 1824 1367 1872 eponymus
1400 1808 1566 1855 fuerit:

164 1880 385 1941 quocirca
410 1877 548 1925 Vitae
581 1877 858 1939 scriptorem
881 1893 1059 1924 errasse
1091 1879 1359 1938 colligimus
1393 1878 1447 1924 in
1479 1895 1568 1925 an-

164 1964 338 1993 norum
366 1948 579 1993 numeris
614 1948 827 2006 legendis
855 1956 938 1993 aut
967 1948 1302 2009 computandis
1335 1955 1416 1995 aut
1447 1946 1567 1994 scri*

163 2016 357 2074 hendis3
396 2018 527 2080 quod
558 2016 726 2062 vitium
744 2017 931 2077 saepius
961 2016 1022 2064 ab
1056 2033 1110 2063 eo
1137 2017 1442 2064 commissum
1466 2032 1565 2062 esse

163 2085 258 2130 iam
278 2087 487 2135 vidimus
506 2096 552 2135 et
571 2094 730 2145 postea
753 2085 1039 2133 videbimus,
1061 2115 1127 2124 -
1181 2084 1405 2149 Denique
1422 2094 1476 2132 ut
1495 2085 1567 2130 le-

164 2154 354 2202 vissima
397 2154 669 2204 testimonia
716 2154 991 2202 omittamus
1022 2164 1068 2202 et
1099 2152 1302 2204 Luciani
1324 2152 1415 2217 ⁴⁴),
1481 2154 1566 2222 qui

253 2396 315 2440 88)
339 2398 434 2433 Bibl.
456 2397 524 2433 Gr.
555 2397 598 2432 T.
618 2398 665 2434 11.
693 2411 726 2435 c.
750 2397 804 2433 17.
833 2409 867 2444 p.
884 2397 966 2432 619.
990 2415 1035 2424 -
1068 2396 1128 2442 39)
1149 2397 1326 2445 Sophocl.
1345 2397 1420 2434 Vh.
1446 2411 1483 2447 p.
1503 2399 1565 2436 30.

253 2457 336 2507 (D.)
358 2480 404 2488 —
452 2460 512 2504 40)
540 2459 587 2496 de
609 2458 675 2495 Gr.
693 2466 739 2495 tr.
759 2472 814 2506 pr.
844 2471 880 2505 p.
904 2458 983 2492 102.
1028 2457 1072 2493 de
1091 2458 1276 2505 Antigona
1294 2471 1330 2506 p.
1351 2459 1410 2496 58.
1447 2461 1564 2508 Corp.

254 2516 392 2569 Inserr.
418 2518 506 2556 Vol.
529 2519 573 2555 ΙΙ.
612 2518 715 2555 Fasc.
738 2518 765 2553 Ι.
800 2531 837 2565 p.
861 2517 944 2554 320.
961 2540 1007 2548 --
1053 2517 1112 2564 41)
1140 2517 1178 2552 in
1194 2517 1299 2555 Iahn.
1319 2519 1465 2558 Annali.
1482 2518 1566 2554 Phi-

253 2575 392 2617 1011.11.
420 2579 545 2629 p.154.
566 2600 611 2608 —
645 2581 708 2624 42)
728 2578 803 2615 vid.
827 2577 916 2625 Cap..
930 2578 995 2613 IV.
1019 2599 1065 2607 —
1112 2578 1171 2623 43)
1198 2577 1362 2620 Boeckb.
1384 2577 1427 2616 ad
1442 2578 1565 2626 Coi-p.

254 2634 390 2674 Inscrr.
422 2638 508 2675 Vol.
525 2639 569 2675 11.
600 2639 703 2675 Fasc.
722 2638 753 2679 1,
778 2650 816 2685 p.
835 2636 916 2672 342.
969 2637 1013 2672 de
1031 2637 1234 2689 Dionysiis·
1248 2650 1328 2685 cap.
1352 2638 1412 2677 20.
1435 2644 1565 2676 annot.

251 2695 330 2735 12).
379 2696 530 2738 Bitschl.
551 2697 595 2735 de
616 2696 804 2746 Agathone
831 2709 909 2747 cap.
934 2696 968 2732 6.
986 2716 1029 2725 -
1055 2696 1116 2743 44)
1133 2699 1367 2747 Μακροβέων
1398 2711 1432 2737 c.
1456 2699 1516 2735 24.
