1739 3067
171 155 240 205 20

182 277 283 317 tem
306 269 455 315 fuisse
479 265 565 315 Ol.
583 266 811 316 LXXVI.
846 284 890 315 a.
909 266 947 313 Ι.
968 265 1045 331 ⁸³);
1083 270 1213 331 quod
1235 271 1603 318 oraculum-ius-

180 340 294 388 serit
320 355 425 387 sero
454 339 636 386 factum
677 353 775 385 esse
808 333 903 385 01.
926 337 1178 386 LXXVII.
1225 356 1266 387 a.
1299 337 1349 388 4.
1391 351 1600 403 apparet.

177 409 375 457 Etenim
399 405 719 456 Athenienses
749 409 883 469 gravi
914 417 1016 454 tum
1050 409 1325 472 pestilentia
1354 412 1602 458 conflicta-

179 490 255 527 tos
278 480 526 526 oraculum
548 477 765 539 petiisse,
811 477 1268 540 illamque-<sedandi
1289 496 1425 526 causa
1448 480 1601 544 iussos

182 564 281 595 esse
302 546 481 594 Thesei
504 563 608 593 ossa
632 551 878 608 reportare
899 548 952 592 in
973 549 1143 593 urbem
1164 565 1323 606 suam,
1359 565 1414 595 ex
1434 546 1600 595 Aenea

184 616 373 665 Gazaeo
406 616 686 677 Lessingius
712 613 768 680 ⁸⁴)
829 617 1094 666 adnotavit.
1172 617 1481 681 Consequens
1516 626 1599 675 est,

181 687 330 733 nimis
385 688 589 746 longum
630 686 860 747 temporis
909 688 1117 747 spat-ium
1168 687 1296 733 inter
1348 689 1597 734 oraculum

181 753 567 805 Atheniensibus
589 756 756 803 datum
778 765 824 803 et
839 755 977 821 Scyri
997 756 1397 818 expugnationem
1418 774 1445 804 a
1458 755 1598 805 Clin-

181 836 296 873 tone
317 824 374 890 ⁸⁶)
411 827 751 888 interpositum
782 842 894 871 esse.
928 856 994 864 —-
1063 825 1246 872 Verum
1267 825 1512 873 Diodorus
1537 822 1597 892 ⁸⁶)

182 894 267 944 Ol.
287 894 538 943 LXXVII.
564 913 692 942 anno
713 904 899 957 quarm,
928 912 1071 957 quem
1091 911 1271 943 annum
1293 893 1596 958 Apsephioni

181 966 563 1025 adsignavimus‚
619 960 902 1010 Phaeonem
934 965 1079 1010 refert
1121 961 1399 1011 archontem
1432 966 1594 1014 fuisse.

181 1033 345 1093 Quare
386 1050 543 1081 unum
585 1035 887 1096 eundemque
931 1049 1112 1079 annum
1156 1031 1409 1080 Phaedoni
1451 1043 1594 1096 atque

179 1101 484 1164 Apsephioni
501 1104 778 1149 tribuerunt
791 1102 1060 1148 Palmerius
1073 1099 1130 1165 ⁸⁷)
1167 1113 1212 1149 et
1232 1103 1507 1163 Lessingius
1519 1100 1593 1165 ⁸⁸),

183 1172 270 1235 qui
316 1173 521 1220 alterum
556 1172 753 1218 illorum
789 1168 1076 1218 archontum
1121 1172 1259 1218 alteri
1295 1166 1402 1219 ante
1447 1173 1592 1218 finem

183 1242 302 1287 anni
333 1251 526 1288 mortuo
552 1242 863 1288 substitutum
897 1256 995 1286 esse
1014 1250 1200 1302 putant.
1227 1238 1287 1302 ⁸⁹)
1356 1241 1449 1289 Cui
1478 1258 1593 1288 con-

273 1549 367 1584 tium
392 1547 456 1582 sed
481 1553 651 1594 quartum
682 1545 921 1580 reiiciendam
949 1557 1046 1584 esse,
1072 1552 1150 1583 tum
1172 1544 1255 1590 quia
1273 1543 1405 1579 Cimon
1435 1552 1516 1591 post
1549 1557 1588 1578 ea

279 1606 453 1648 demum,
481 1618 573 1652 quae
591 1605 653 1640 ΟΙ.
676 1604 736 1640 77.
755 1616 852 1638 anno
875 1603 983 1638 tertio
1014 1609 1110 1649 gesta
1130 1615 1206 1637 esse
1233 1601 1367 1637 referat
1386 1601 1589 1644 Diodorus,

271 1666 430 1701 Athenas
446 1665 562 1700 redux
581 1664 697 1700 factus
715 1670 863 1710 tropaea
886 1665 936 1698 ibi
952 1664 999 1709 (ἲ)
1033 1663 1253 1699 constituere
1278 1670 1314 1698 et
1334 1662 1587 1698 commissioni

271 1722 328 1759 illi
354 1723 528 1759 interesse
554 1721 738 1770 potuerit,
759 1727 839 1756 tum
867 1720 952 1769 quia
976 1719 1195 1756 Plutarchus
1213 1719 1342 1756 Thesei
1365 1720 1446 1757 Vita
1475 1734 1509 1758 c.
1524 1721 1587 1758 36.

270 1781 400 1817 Thesei
424 1795 524 1821 ossa,
549 1782 604 1814 ad
628 1792 808 1825 quorum,
833 1793 871 1814 ex
889 1779 1007 1814 insula
1026 1778 1145 1825 Scyro
1172 1791 1238 1825 per
1255 1779 1451 1814 Cimonem
1470 1779 1588 1815 Athe-

272 1851 337 1874 nas
356 1839 613 1877 advectorum,
638 1839 877 1882 sepulturam
898 1838 1165 1871 celebrandam
1197 1837 1265 1870 illa
1290 1838 1504 1871 commissio
1534 1839 1588 1872 in-

273 1901 408 1935 stituta
438 1905 522 1933 erat
541 1899 597 1943 (?)
634 1899 816 1932 archonte
843 1896 1047 1931 Phaedone
1079 1908 1105 1929 a
1132 1895 1285 1930 Cimone
1316 1896 1473 1930 inventa
1501 1903 1586 1931 tra—

273 1959 343 1993 dit.
365 1958 417 2002 (?)
468 1956 536 1992 Hic
562 1962 684 1991 autem
704 1955 840 1990 archon
876 1968 900 1989 α
916 1955 1101 2000 Dionysio
1116 1954 1317 1989 Halicarn.
1337 1955 1423 1999 (?)’'
1453 1969 1484 1990 e.
1506 1970 1540 2003 q.
1558 1971 1587 1992 s.

273 2036 318 2044 -—
344 2016 476 2062 quibus
500 2012 661 2060 cuipiam
688 2014 892 2059 probentur
911 2011 1142 2054 nominibus,
1176 2012 1250 2058 ipse
1267 2012 1387 2048 videat
1404 2012 1584 2049 Wexius.

272 2092 320 2099 -
352 2074 415 2118 83)
448 2072 605 2120 Dionys.
634 2069 749 2106 Halic.
779 2069 979 2117 Antiquitt.
1010 2070 1166 2105 Roman.
1200 2070 1315 2112 l.1x‚
1344 2070 1378 2107 5.
1419 2085 1454 2119 p.
1482 2073 1584 2109 1791.

271 2135 387 2171 Diod.
406 2134 479 2169 Sic.
517 2132 619 2167 1.X1.
652 2145 684 2167 c.
705 2131 762 2165 48.
797 2153 845 2159 --
891 2131 951 2176 84)
974 2130 1048 2165 Vit.
1068 2129 1180 2176 soph.
1211 2143 1248 2178 p.
1265 2131 1323 2166 81.
1364 2131 1432 2167 cfr.
1456 2141 1582 2170 annot.

272 2211 320 2218 -
359 2192 421 2238 85)
457 2192 570 2226 Fasti.
602 2189 697 2224 Heli.
724 2189 768 2223 ad
801 2202 832 2222 a.
858 2187 940 2223 476.
985 2201 1020 2236 p.
1038 2188 1095 2223 34.
1119 2188 1240 2235 Kriig.
1266 2209 1315 2217 --
1361 2191 1423 2237 86)
1462 2193 1486 2227 1.
1519 2194 1585 2231 xl.

260 2243 306 2290 c.
323 2252 400 2289 63.:
443 2249 499 2287 ἐπ’
529 2246 711 2296 ἄρχοντος
739 2243 919 2296 Ἀθήνῃσι
945 2249 1131 2286 chalmes.
1180 2246 1293 2283 Dind.
1320 2262 1461 2286 correx.
1491 2256 1582 2288 Φαί-

270 2313 405 2352 δωνος.
442 2307 606 2345 Boeekh.
629 2307 878 2354 Ἀψεφίωνος.
904 2326 949 2333 -
1005 2306 1065 2352 87)
1092 2305 1115 2340 l.
1134 2318 1167 2341 c.
1192 2324 1237 2333 —
1276 2301 1346 2350 88)
1377 2321 1414 2355 p.
1441 2309 1499 2349 83,
1526 2324 1580 2358 sq.

269 2390 315 2397 -
340 2371 401 2416 89)
430 2369 570 2405 Mirum
600 2368 638 2404 in
666 2366 819 2402 modum
843 2364 1030 2408 Wexius,
1064 2377 1150 2400 cum
1175 2371 1294 2400 totum
1320 2365 1420 2403 hunc
1441 2366 1582 2414 locum,

268 2436 347 2464 tum
366 2426 543 2473 Lessingii
571 2426 785 2461 sententiam
813 2424 960 2460 vexavit.
1011 2424 1154 2459 Etenim
1180 2424 1208 2458 si
1235 2423 1409 2459 Palmerii
1433 2432 1467 2460 et
1491 2427 1580 2461 Les-

268 2489 375 2535 singii
408 2487 660 2525 coniecturam
687 2486 841 2534 probas,
897 2484 985 2521 haec
1020 2484 1098 2532 ipsa
1132 2491 1231 2519 certe
1268 2488 1580 2525 accommodanda

267 2557 320 2586 est
346 2546 562 2587 Plutarcho,
591 2545 667 2592 ⁵,qui
694 2544 930 2580 Phaedonem
959 2543 1047 2578 dicit
1077 2543 1290 2579 archontem
1315 2544 1449 2592 fuisse,
1494 2561 1579 2583 cum

268 2608 459 2647 oraculum
488 2605 578 2641 illud
602 2606 792 2648 ederetur,
845 2603 1122 2652 Apsephionem
1149 2610 1292 2651 autem,
1335 2607 1579 2650 cumICimon

272 2669 430 2705 Athenas
458 2665 633 2702 rediisset.
