1739 3067
152 141 181 186 4
565 160 567 164 .
751 165 756 167 γ
983 161 1135 166 ..μῦ

151 259 214 305 'lis
238 256 593 304 adumbrarunt
613 256 786 314 magis,
822 270 964 317 quam
985 254 1357 316 descripserunt;
1400 274 1424 302 e
1449 257 1556 319 qui-

145 331 243 388 ‘bus
277 327 403 373 solos
435 326 636 372 nomino
666 324 745 370 Fr.
779 323 1012 380 Nevium,
1056 324 1141 387 qui
1174 321 1428 386 Sophoclis
1457 336 1557 372 tra-

154 397 346 459 goedias
380 412 535 456 nuper
568 395 743 449 edidit,
790 394 953 440 addita
984 395 1469 442 commentatiuncula
1498 397 1557 441 de

153 476 320 529 poetae
361 466 459 510 vita
495 474 540 509 et
567 463 778 523 scriptis3
839 460 961 522 Aug.
991 460 1128 519 Guil.
1158 460 1559 526 Schlegelium³)‚

154 535 209 585 C.
230 533 364 583 Guil.
379 533 522 582 Ferd.
537 532 789 593 Solgerum
803 528 843 595 6)
858 570 870 588 ,
906 540 953 578 et
971 529 1050 580 Fr.
1070 529 1204 580 Guil.
1223 530 1451 580 Carolum
1466 532 1560 581 Su-

155 621 350 652 cronem
361 601 416 666 ⁷).
480 602 581 648 Iam
596 619 709 648 vero
728 618 848 664 quae
863 601 959 646 mei
974 601 1034 647 sit
1045 601 1254 648 instituti
1268 602 1389 650 ratio
1405 603 1561 666 quod—

155 693 249 738 que
281 674 565 728 consilium,
608 672 689 718 vix
722 682 792 719 est
820 673 951 734 quod
987 672 1237 717 declarem.
1306 670 1466 736 Atque
1490 674 1561 720 ab

155 745 295 792 initio
320 743 517 806 quidem
541 759 649 788 cum
669 741 936 789 statuissem
953 741 1148 792 lacunas
1167 751 1354 788 tantum
1376 743 1561 805 explere

155 815 296 860 Vitae
317 810 636 873 Sophocleae,
681 812 816 857 cuius
834 820 999 857 auctor
1020 820 1088 856 est
1105 810 1401 870 Lessingius:
1449 829 1561 858 mox

155 882 510 940 intelligebam,
567 880 779 925 eiusdem
812 877 952 924 Vitae
983 880 1245 938 fragmenta
1272 896 1373 925 non
1405 882 1561 928 solum

155 968 291 1011 egere.
311 951 654 1011 supplemento,
690 965 856 993 verum
878 948 1018 994 etiam
1043 949 1388 997 emendatione.
1452 949 1563 1008 Qua

153 1022 351 1084 quidem
369 1020 421 1065 in
442 1035 493 1065 re
511 1034 793 1080 quanquam
809 1017 989 1062 mirum
1005 1026 1240 1078 quantum
1258 1020 1562 1078 profecerunt

154 1089 494 1137 subtilissimae
530 1088 749 1149 virorum
778 1086 1205 1147 peritissimorum,
1240 1104 1448 1148 quorum
1480 1104 1561 1134 su-

150 1177 239 1221 pra
257 1158 553 1204 mentionem
574 1157 681 1212 feci,
717 1155 1034 1217 quaestiones,
1069 1165 1122 1201 ut
1142 1157 1347 1203 arduum
1369 1158 1429 1203 sit
1447 1172 1561 1218 pro-

152 1230 301 1283 ferre,
337 1243 458 1288 quae
483 1236 529 1272 et
550 1242 677 1270 nova
695 1225 974 1280 videantur,
1007 1233 1053 1270 et
1074 1240 1205 1270 vera:
1243 1223 1561 1272 nihilominus

153 1306 351 1358 propter
370 1296 521 1356 ipsam
542 1295 613 1339 rei
631 1294 960 1341 difficultatem
981 1293 1187 1339 maxime
1206 1295 1386 1354 placuit
1404 1296 1456 1340 in
1479 1297 1562 1340 de-

151 1365 402 1412 scribenda
422 1363 589 1423 tragici
615 1363 713 1409 vita
730 1377 909 1423 ponere
931 1361 1234 1418 tirocinium,
1263 1363 1562 1411 eruditorum

153 1434 402 1481 sententiis
418 1470 431 1488 ,
472 1448 616 1494 quam
639 1431 743 1476 fieri
761 1440 945 1491 posset,
980 1432 1331 1478 accuratissime
1357 1449 1562 1494 perpen—

153 1505 242 1560 sis,
275 1501 657 1563 emendatisque,
691 1500 778 1545 ubi
809 1499 957 1545 averi
986 1499 1140 1561 specie
1172 1502 1393 1548 recedere
1426 1502 1561 1549 vide—

154 1582 353 1628 rentur,
390 1570 567 1616 additis
597 1569 831 1631 denique,
868 1585 1013 1630 quae,
1049 1570 1109 1615 ab
1139 1570 1237 1616 illis
1268 1571 1466 1628 omissa,
1499 1573 1560 1617 ad

153 1638 408 1704 Sophoclis
437 1640 584 1685 vitam
615 1639 951 1684 illustrandam
979 1638 1208 1687 valerent.
1293 1639 1478 1687 Verum
1509 1641 1561 1686 in

153 1709 246 1758 hoc
277 1710 500 1772 equidem
521 1708 777 1769 specimine
802 1708 979 1768 pusillo
1001 1709 1470 1769 quaestiuncularum
1501 1711 1562 1755 il-

152 1782 341 1836 larum,
374 1794 492 1841 quas
525 1794 621 1839 quo
652 1776 813 1821 minus
844 1776 1052 1836 integras
1078 1778 1291 1836 ederem,
1334 1781 1561 1842 temporis

152 1847 443 1911 prohibebat
469 1846 714 1908 iniquitaS‚
750 1846 880 1907 quod
901 1847 1201 1907 propositum
1222 1849 1425 1896 maxime
1445 1859 1561 1904 erat,

152 1929 208 1966 ut
230 1919 372 1964 etiam
403 1917 668 1978 peritorum
690 1916 1027 1976 exspectationi
1055 1917 1391 1963 satisfacerem:
1427 1919 1478 1964 id
1498 1936 1561 1965 an

154 1990 436 2036 c'onsecutus
459 1987 548 2031 sim
563 2023 575 2041 ‚
611 1984 770 2031 nescio
786 2022 801 2041 ,
840 1984 917 2030 vel
935 1985 1095 2046 potius
1114 2001 1190 2031 me
1211 2003 1312 2034 non
1333 2002 1561 2035 consecu-

152 2067 257 2104 tum
290 2072 388 2107 esse
420 2055 541 2112 scio3
585 2050 678 2100 hoc
710 2063 870 2100 tamen
899 2069 1061 2115 spero,
1105 2056 1166 2101 ab
1196 2055 1257 2101 iis
1288 2066 1411 2105 certe
1444 2058 1560 2103 scri-

152 2126 455 2189 ptiunculam
487 2120 613 2173 hanc
646 2124 1026 2189 qualemcunque
1056 2125 1313 2186 probatum
1343 2127 1431 2184 iri,
1476 2128 1560 2191 qui

153 2213 178 2242 e
198 2197 446 2243 voluntate
465 2194 650 2241 soleant
665 2193 906 2239 eiusmodi
928 2210 1118 2240 censere
1139 2205 1351 2244 conatus,

244 2355 405 2399 (noviss.
424 2354 511 2390 edit.
547 2352 633 2390 Vol.
654 2354 723 2399 X.)
749 2375 796 2382 -
852 2354 889 2398 5)
915 2352 953 2389 in
981 2353 1178 2398 „Vox-less.
1196 2354 1259 2391 tib.
1280 2353 1433 2391 dramat.
1454 2355 1500 2393 Κ.
1518 2369 1556 2393 u.

243 2414 284 2454 L.
294 2413 318 2427 ”
351 2415 381 2451 l.
418 2428 452 2462 p.
476 2414 557 2450 168.
577 2426 658 2461 sqq.
692 2432 739 2440 —-
793 2413 831 2459 6)
855 2412 894 2448 in
919 2413 1068 2461 praefat.
1092 2412 1282 2462 interpret.
1302 2413 1478 2451 German.
1512 2435 1559 2443 —·

243 2471 281 2518 7)
305 2470 447 2510 Introd.
468 2469 644 2520 Sophocl.
671 2470 709 2506 in
733 2470 943 2516 „Matthias
972 2470 1172 2520 paedagog.
1202 2483 1241 2510 u.
1271 2471 1322 2507 lit.
1339 2472 1557 2511 Mitthem.··

245 2530 348 2569 Fasc.
371 2529 416 2563 V.
437 2542 515 2578 sqq.
556 2527 729 2575 Magdeb.
755 2528 857 2563 1828.
