1739 3067
261 251 772 308 SENTENTIAE
815 252 1487 311 CONTROVERSAE.

213 419 249 464 1,
316 410 572 475 Sophoclis
594 409 762 464 verba,
793 406 967 470 Oedip.
989 406 1105 471 Reg.
1128 427 1193 459 vs,
1216 411 1334 461 227.
1349 452 1363 471 ,
1398 417 1462 463 sic
1489 434 1566 463 re.-

312 484 554 540 dintegro:
619 502 621 504 v

344 546 443 597 Καὶ
460 544 531 611 μὴ
551 545 853 611 φοβεῖσθαι,
889 544 1108 596 τούπίκλ.
1130 546 1215 597 ὑπ.
1248 568 1287 598 e.
1310 571 1354 614 q.
1376 572 1411 601 s.

210 646 272 694 11.
343 643 477 703 Quas
517 638 755 686 Martialis
807 655 912 686 xen.
950 638 1169 691 CXXIV.
1228 661 1565 697 commemorat

312 726 511 760 coronas
544 726 722 767 roseas,
775 725 799 754 e
834 725 939 756 cera
971 710 1093 770 picta
1125 713 1267 761 fuisse
1299 718 1428 764 fictas
1456 738 1564 780 *per-

309 797 472 844 peram
499 781 724 841 opinatur
754 776 1024 837 Biittigerus
1052 781 1103 827 in
1140 781 1388 840 „Sabina”
1448 787 1501 835 P.
1528 788 1562 836 Ι.

307 868 354 913 p.
376 845 497 896 253.

212 946 301 994 ill.
372 943 656 998 Falluntur,
691 941 774 1005 qui
796 958 916 1005 quae
948 943 1005 987 de
1028 945 1328 1006 navigatione
1357 964 1384 992 a
1408 943 1565 993 Phoe-

312 1013 498 1059 nicibus
521 1021 730 1071 suscepta
752 1021 914 1057 narret
932 1010 1204 1061 Herodotus
1224 1016 1256 1061 l.
1281 1014 1365 1061 IV.
1396 1033 1435 1062 c.
1455 1014 1538 1062 42.
1552 1051 1569 1070 ,

310 1097 422 1128 vera
456 1095 554 1126 esse
586 1079 818 1138 colligunt
847 1096 900 1125 ex
931 1079 1017 1134 ἰίε,
1060 1100 1180 1144 quae
1211 1085 1270 1129 de
1299 1084 1411 1129 solis
1444 1095 1565 1130 statu

311 1151 491 1196 ibidem
518 1149 798 1194 referantur.

211 1242 292 1291 IV,
366 1237 618 1302 Sophoclis
655 1254 844 1285 versum
861 1278 873 1296 ,
913 1235 1087 1300 Oedip.
1123 1236 1227 1286 Col.
1248 1236 1329 1290 42,
1346 1281 1358 1298 ,
1405 1257 1565 1288 emen-

308 1311 521 1355 dandum
540 1307 749 1355 arbitror
766 1308 853 1353 sic:

348 1374 540 1435 Τίνων;
575 1374 632 1424 τὸ
646 1378 865 1437 Σεμνῶν
885 1371 1021 1436 ὄνομ’
1040 1370 1106 1423 ἂν
1124 1374 1362 1440 εὐξαίμην
1380 1374 1563 1427 κλύων.

209 1474 267 1522 V.
335 1471 523 1519 Tibulli
555 1487 770 1526 versum,
809 1471 841 1516 l.
869 1468 904 1515 Ι.
940 1470 1053 1529 eleg.
1088 1468 1174 1517 III.
1202 1470 1313 1527 63„
1359 1472 1563 1532 corrigas

310 1541 397 1587 ita:

343 1608 435 1654 Hic
457 1608 682 1651 iuvenum
706 1603 846 1647 series
865 1602 1037 1648 teneris
1060 1600 1284 1648 immissa
1308 1606 1493 1665 puellis,

210 1703 293 1751 Vl.
363 1700 564 1754 Errant,
592 1697 683 1759 ¹qui
707 1712 814 1742 cum
836 1693 1078 1741 Boeckhio
1111 1695 1193 1760 (ad
1214 1695 1357 1760 Corp.
1387 1697 1559 1748 Inscrr.

312 1771 422 1818 Vol.
444 1768 507 1815 II.
552 1767 683 1813 Fasc.
709 1764 745 1812 Ι.
783 1781 830 1827 p.
852 1762 968 1812 342.
1018 1767 1074 1810 de
1099 1764 1344 1830 Dionysiis
1389 1788 1428 1817 c.
1450 1768 1558 1815 XX.
1646 1792 1650 1798 ·

311 1850 410 1887 not.
437 1838 548 1885 120.
586 1837 669 1881 cfr.
693 1831 896 1881 Ritsehl.
917 1836 976 1880 de
997 1831 1167 1894 Agath.
1205 1852 1304 1898 cap.
1328 1837 1438 1904 VL)
1470 1835 1562 1883 So-

278 1923 280 1925 *
313 1907 530 1971 phoclem
559 1902 757 1967 Olymp.
788 1901 980 1968 ΧΕΙΙΙ.ἱ
1017 1919 1143 1949 anno
1185 1910 1392 1953 secundo
1431 1922 1561 1954 mor..

308 1989 443 2023 tuum
478 1990 575 2020 esse
605 1979 786 2032 putant.

211 2068 318 2117 Vll.
384 2066 628 2115 Immerito
668 2063 1022 2123 Quinctilianus
1066 2061 1200 2111 Instt.
1246 2063 1360 2112 Orr.
1433 2068 1464 2114 l.
1500 2068 1558 2116 V.

308 2155 348 2184 c.
372 2140 451 2186 10.
486 2153 533 2197 p.
554 2130 672 2180 405.
709 2133 780 2178 ed.
798 2130 988 2186 Burm.,
1019 2130 1362 2180 Valckenarius
1382 2136 1442 2181 ad
1458 2134 1562 2184 Eu-

310 2206 400 2268 rip.
431 2202 649 2251 Phoenn.
694 2218 740 2263 p.
778 2201 880 2256 12„
935 2199 1150 2247 Klotzius
1177 2200 1327 2250 Lectt.
1360 2203 1560 2254 VenuSS.

314 2293 357 2336 p.
389 2274 502 2321 178.
534 2289 663 2336 sqq.‚
731 2279 777 2316 et
804 2266 1060 2315 Elmsleius
1093 2272 1152 2316 ad
1186 2269 1355 2334 Eurip.
1382 2272 1557 2322 Bacch.

318 2360 384 2391 vs.
406 2340 523 2391 508.
567 2340 769 2400 tragicos
797 2338 1068 2399 vituperant
1099 2336 1333 2399 Graecos,
1384 2343 1469 2405 qui
1501 2347 1559 2390 ad

310 2413 559 2459 nominum
579 2408 881 2473 propriorum
902 2416 1093 2470 etymon
1114 2409 1375 2459 alluserint.

209 2501 343 2551 VIII.
415 2503 608 2560 Pueros,
635 2502 717 2565 qui
740 2501 791 2547 in
811 2500 1066 2563 gymnasiis
1088 2512 1348 2560 versentur,
1386 2505 1434 2550 in
1453 2522 1558 2550 ver-

309 2573 438 2620 sibus
463 2573 690 2620 faciendis
711 2569 990 2617 exercendos
1007 2585 1104 2616 esse
1127 2587 1308 2619 censeo.
