1739 3067
149 136 213 193 16

146 273 229 309 mo
251 255 529 323 discrimine
541 252 659 310 ,τοὺς
680 252 975 320 περιπόλους
1006 270 1197 320 quoque
1217 272 1453 318 ponamus
1470 256 1548 310 in-

146 326 372 385 terfuisse,
384 341 597 387 pugnae,
641 342 760 387 quos
781 326 977 388 quidem
1008 327 1059 371 in
1081 327 1319 376 bellorum
1340 336 1478 379 mura2
1491 327 1549 374 fi»-

146 411 236 447 nes
266 391 474 451 Atticae?
490 404 728 455 gestorum
773 395 984 456 pericula
1025 411 1194 451 vocare
1232 391 1553 451 Athenienses

147 481 249 515 non
277 464 526 521 solebant,r
574 460 945 526 haudquaquam
977 473 1143 511 tamen
1174 461 1437 525 Sophocles
1465 462 1551 511 Ol.

142 531 352 582 LXXV.v
382 549 423 581 a.
452 533 502 583 1.·
535 549 695 584 mense
718 531 1095 591 Boedromione,
1138 533 1191 583 in
1215 550 1356 597 quem
1387 549 1550 594 pugna

144 602 409 668 Salaminia
434 603 629 662 incidit,
652 600 707 666 ³⁸)
760 603 1022 651 octodecim
1050 618 1225 660 annos,
1280 612 1335 649 ut
1362 602 1551 649 Wexio

146 672 362 728 videtur,
398 672 480 720 sed
507 672 733 727 sedecim,
767 673 866 729 vel,
907 682 962 719 ut
994 672 1177 736 aliquid
1206 672 1251 718 ei
1277 671 1550 732 largiamur,

142 741 469 803 septendecim
505 750 669 797 natuS,
706 742 853 801 igitur
880 744 1103 793 nondum
1122 739 1334 804 ephebus
1355 750 1467 787 erat.
1492 736 1553 802 ⁵⁹)

143 810 249 861 Iam
266 819 609 871 vero-apparet
641 811 932 868 luculenter,
965 826 1107 873 quam
1141 812 1263 856 male
1288 825 1346 864 ,se
1378 806 1551 855 habeat

146 876 324 933 Wexii
345 880 595 931 sententia.
666 878 885 937 Accedit,
914 881 1050 943 quod
1070 876 1347 927 Athenaeus
1361 874 1427 941 ⁶⁰)
1459 877 1551 925 So-

144 946 367 1014 phoclem
399 957 503 995 tum
523 954 630 994 eam
648 958 846 995 aetatem
867 949 1014 1008 egisse
1036 949 1292 1008 significat,
1329 965 1422 1010 qua
1440 947 1552 1008 pul-

144 1015 373 1069 charitudo
402 1018 630 1068 iuvenum
649 1018 853 1065 maxime
884 1019 1134 1081 splendere
1165 1019 1335 1075 soleat3
1371 1018 1551 1067 floren-

143 1088 379 1139 tissimam
405 1096 565 1134 autem
596 1104 746 1150 usque
777 1089 838 1134 ab
857 1087 1071 1136 Homero
1096 1084 1154 1151 ⁶¹)
1188 1103 1354 1135 omnes
1376 1085 1551 1151 Graeci

141 1158 317 1205 dicunt
338 1153 433 1220 τὴν
451 1154 611 1220 ἥβην,
650 1158 850 1203 eandem
872 1166 1095 1215 aetatem,

280 1225 464 1285 „Quae
487 1227 640 1286 signat
661 1227 807 1273 dubia
831 1236 1017 1273 teneras
1033 1227 1260 1287 lanugine
1285 1222 1484 1271 malas-’⁰

143 1294 240 1347 Cui
259 1295 444 1345 rationi
474 1296 696 1356 congruit
720 1311 940 1357 prorsus,
976 1297 1106 1358 quod
1128 1295 1264 1343 Plato
1290 1291 1377 1359 ⁶²),
1420 1290 1552 1341 haud

145 1365 293 1420 dubie
325 1361 698 1415 Atheniensium
741 1365 999 1425 respiciens
1027 1382 1235 1421 morem,
1287 1380 1373 1424 per
1400 1362 1552 1409 trien-

144 1435 284 1485 nium
313 1434 569 1496 praecipue
604 1433 832 1481 musicam
869 1434 1031 1481 doceri
1063 1434 1195 1482 iubet
1223 1449 1396 1495 pueros
1437 1430 1551 1477 inde

145 1506 208 1553 ab
228 1504 415 1554 decimo
438 1504 577 1555 tertio
602 1504 767 1550 aetatis
787 1520 931 1553 anno.
966 1529 1036 1536 ——

296 1571 409 1620 Non
462 1572 528 1620 ita
583 1573 735 1620 multo
785 1581 893 1634 post
949 1588 1173 1632 magnam
1212 1569 1415 1631 tragicae
1459 1567 1552 1615 arti

144 1639 408 1705 Sophocles
439 1659 632 1703 operam
674 1643 860 1688 dedisse
897 1642 1103 1690 videtur.
1200 1638 1405 1687 Etiamsi
1437 1654 1552 1683 vero

147 1721 524 1764 consentaneum
577 1721 647 1759 est
715 1712 1063 1761 adolescentem
1111 1708 1342 1774 Aeschyli
1394 1723 1553 1754 exem-

144 1783 227 1846 plo
268 1781 515 1844 gloriaque
556 1782 806 1828 incitatum
847 1797 971 1837 esse,
1033 1783 1237 1844 ideoque
1287 1778 1399 1824 satis
1449 1792 1553 1823 ma-

144 1867 290 1913 gnam
323 1851 612 1901 eruditionis
640 1867 752 1897 suae
796 1858 981 1911 partem
1012 1851 1146 1898 illius
1181 1846 1438 1911 tragoediis
1470 1845 1554 1891 de·-

143 1921 327 1975 buisse:
363 1936 615 1984 perperam
646 1930 804 1966 tamen
826 1918 966 1966 Vitae
990 1922 1192 1982 scriptor
1211 1912 1449 1978 Aeschylo
1479 1914 1556 1960 di-

1488 1983 1553 2029 cit

239 2226 300 2273 58)
324 2223 504 2261 Herodot.
533 2223 558 2258 l.
583 2221 682 2256 vm.
719 2234 752 2257 c.
775 2221 833 2256 65.
882 2220 1061 2267 Polyaen.
1082 2218 1144 2263 111,
1163 2219 1220 2254 11.
1268 2217 1457 2255 Plutarch.
1480 2217 1555 2258 Vir.

237 2283 388 2324 cmm.
418 2295 451 2319 c.
472 2281 554 2324 19„
577 2280 682 2317 cuius
699 2275 1160 2321 mirere‘inconstamiam,
1191 2289 1226 2314 c.
1248 2276 1332 2313 vn.
1378 2276 1423 2313 de
1441 2275 1554 2313 Glor-

238 2343 372 2385 Λώου.
412 2354 450 2390 p.
471 2340 553 2382 349,
597 2346 633 2375 εἰ
647 2337 823 2386 Lysandr.
843 2336 919 2373 Vit.
948 2349 982 2372 c.
998 2334 1080 2372 XV.
1104 2335 1249 2372 decimo
1268 2340 1365 2371 sexto
1385 2334 1444 2370 die
1463 2335 1553 2370 Mu-

237 2398 431 2449 nychiouis
459 2396 506 2434 ad
524 2395 708 2433 Salamina
736 2399 939 2442 pugnatum
968 2404 1045 2429 esse
1074 2391 1270 2428 narrantis.
1298 2408 1343 2418 —
1392 2389 1452 2438 59)
1480 2388 1556 2427 vid.

239 2455 402 2498 Boeekh.
423 2454 507 2498 Iud.
527 2455 643 2491 Lecti.
664 2452 787 2489 Berol.
807 2457 893 2488 aest.
913 2450 1018 2489 1819.
1056 2449 1144 2485 etin
1162 2448 1319 2485 Seebod.
1348 2447 1422 2494 „N-
1443 2446 1555 2484 Arch-

239 2518 268 2556 f.
285 2517 383 2554 Phil.
403 2530 440 2553 u.
459 2513 643 2563 Paedag.‘’
670 2512 773 2549 1828.
799 2510 983 2548 Fasc.11¹.
1010 2508 1119 2557 p.5o.
1142 2522 1196 2556 sq.
1227 2508 1272 2545 C.
1291 2507 1334 2546 F.
1351 2507 1553 2545 Hermann.

239 2579 278 2615 in
297 2576 466 2623 ‚,Lehrb.
485 2574 524 2613 ἆ.
542 2587 597 2626 gr.
615 2570 904 2609 Staatsalterth.”
929 2573 965 2615 §.
989 2569 1069 2605 123.
1104 2568 1155 2615 (ρ.
1175 2567 1274 2613 230.)
1300 2588 1348 2597 -
1394 2567 1457 2609 60)
1483 2564 1508 2598 l.
1526 2563 1553 2597 I.

236 2651 275 2686 p.
294 2636 356 2675 20.
375 2636 419 2671 F.
453 2654 499 2662 —
562 2634 625 2678 61)
652 2631 728 2667 cfr.
757 2630 801 2666 ΙΙ.
831 2629 982 2673 XXIV,
1008 2628 1088 2663 348.
1125 2626 1199 2662 od.
1233 2628 1286 2669 X,
1310 2627 1392 2662 279.
1424 2623 1471 2659 al.
1510 2642 1554 2651 -

239 2696 306 2741 62)
328 2696 374 2732 de
390 2694 499 2739 Legg.
521 2691 605 2726 Vn.
641 2703 678 2737 p.
697 2689 777 2726 809.
798 2701 851 2734 sq.
