1739 3067
188 258 353 303 lucum
388 257 475 303 sita
502 258 813 304 celeberrima
840 266 977 302 erant
1005 257 1282 318 antiquitus.
1304 254 1342 319 ⁸)
1411 255 1594 304 Eodem

190 326 243 372 in
261 335 424 372 monte
449 336 571 383 erat,
603 336 658 373 ut
679 327 771 371 alia
794 326 1063 381 mittamus,
1109 322 1311 371 heroum
1341 325 1394 370 in
1417 344 1599 373 memo-

189 395 312 440 riam
335 395 548 440 eiusdem
571 392 841 455 Oedipodis
862 395 1107 439 conditum
1125 390 1189 457 ὃ),
1226 395 1360 440 cuius
1380 411 1600 455 suprema

190 463 285 510 fata
331 460 595 525 Sophocles
646 463 809 510 fabula
842 463 1092 529 *omni-um,
1163 479 1281 525 quas
1322 464 1600 525 composuit,

189 535 594 594 praestantissima
614 527 886 579 illustravit.
954 531 1172 594 Nainque
1190 530 1450 594 Sophocles
1469 531 1600 579 hunc

192 602 401 663 priscum
442 600 791 649 Thebanorum
822 618 982 661 regem
1018 602 1077 648 ab
1114 601 1210 648 suis
1244 603 1521 662 expulsum,
1573 620 1600 648 a

194 668 381 719 Theseo
409 682 570 718 autem
592 668 957 718 Atheniensium
987 686 1096 729 rege
1119 671 1325 730 benigne
1356 682 1600 732 exceptum

192 740 278 786 illo
303 741 354 785 in
383 751 569 796 monte,
607 758 750 803 quem
780 740 1202 796 adumbravimus,
1227 741 1280 785 in
1307 740 1408 800 ipso
1430 739 1601 789 Furia-

192 816 302 855 rum
325 810 432 855 luco
458 812 653 857 tandem
689 812 749 855 ad
772 810 993 855 laborum
1019 810 1235 855 omnium
1267 809 1412 854 finem
1432 824 1601 869 perve-

193 878 321 924 nisse
353 879 513 936 finxit,
548 886 733 940 gratum
756 878 933 925 faciens
962 894 1062 924 non
1087 878 1243 925 solum
1273 878 1454 939 patriae
1477 895 1602 935 suae,

195 964 364 993 verum
388 949 529 994 etiam
552 965 696 1009 pago,
729 949 863 994 cuius
886 948 987 1007 ipse
1011 947 1128 992 civis
1149 942 1414 1010 (δημότης)
1437 945 1601 1011 eratf)

194 1013 392 1062 Etenim
422 1019 482 1063 ab
506 1018 589 1063 illo
612 1016 798 1063 Colono
824 1016 981 1077 equite
1012 1032 1191 1061 nomen
1215 1016 1410 1062 traxisse
1430 1017 1602 1063 dicun-

193 1095 274 1132 tur
293 1083 573 1132 Coloniatae
596 1084 659 1150 ⁵),
706 1086 914 1145 regionis
940 1085 1150 1141 incolae,
1186 1085 1270 1147 qui
1292 1101 1464 1146 pagum
1487 1102 1603 1131 con-

193 1155 417 1201 ficiebant
447 1152 690 1203 Κολωνὸν
709 1152 903 1202 Ἵππιον
913 1189 928 1210 ,
978 1154 1187 1214 primum
1209 1155 1403 1215 quidem
1426 1151 1603 1200 Antio-

195 1220 328 1269 chidi
371 1225 549 1281 tribui,
621 1233 781 1284 postea
819 1240 933 1269 vero
976 1219 1178 1282 Aegeidi
1219 1223 1510 1283 adscriptum
1533 1219 1600 1286 ⁹);

194 1289 340 1338 huius
360 1303 518 1339 autem
539 1293 689 1353 ipsius
709 1293 817 1353 pagi
835 1293 984 1338 civem
1008 1289 1298 1351 Sophoclem
1317 1292 1461 1337 fuisse
1486 1293 1602 1337 scri-

193 1370 388 1421 ptorum
419 1362 729 1424 antiquorum
772 1360 1058 1407 testimoniis
1087 1361 1353 1406 luculenter
1383 1377 1602 1422 compro—

192 1430 349 1479 batur.
372 1427 427 1494 ¹⁰)
498 1428 586 1478 Est
621 1432 748 1477 enim
779 1432 874 1476 iam
909 1430 1090 1490 pridem
1127 1431 1317 1490 explosa
1352 1431 1602 1475 falsissima

194 1497 305 1545 Istri
326 1500 574 1557 memoria,
609 1501 693 1563 qui
716 1496 1006 1560 Sophoclem
1030 1496 1123 1546 οὐκ
1140 1496 1441 1562 Ἀθηναῖον,
1479 1495 1601 1552 ἀλλὰ

191 1564 442 1618 Φλιάσιον
472 1570 618 1616 fuisse
640 1570 853 1618 tradidit.
878 1566 929 1631 ¹¹)

287 1749 370 1786 Col.
392 1751 560 1798 Thucyd.
593 1758 627 1785 et
655 1751 811 1789 Pausan.
830 1751 870 1786 11.
891 1765 946 1786 cc.
991 1751 1167 1798 Apollod.
1185 1750 1279 1786 Bibl.
1299 1751 1361 1796 ΙΙΙ,
1389 1750 1423 1786 5.
1475 1751 1601 1799 Eur-ip.

288 1809 457 1847 Phoenn.
500 1823 550 1845 vs.
582 1810 684 1845 1701.
712 1828 758 1837 -
830 1811 867 1855 6)
902 1809 1060 1846 Pausan.
1098 1809 1122 1845 l.
1144 1822 1179 1845 c.
1212 1828 1258 1835 —
1324 1809 1361 1854 7)
1387 1808 1543 1856 Argum.
1571 1809 1598 1843 1.

285 1867 422 1916 Oedip.
450 1869 534 1905 Col.
577 1888 621 1897 —
692 1870 730 1914 8)
763 1869 936 1916 Sophocl.
970 1868 1102 1915 Oedip.
1137 1868 1220 1905 Col.
1270 1882 1322 1903 vs.
1353 1870 1410 1905 59.
1445 1883 1524 1917 sqq.
1568 1877 1603 1906 et

284 1927 412 1966 schol.
431 1930 476 1966 ad
495 1930 532 1966 h.
554 1929 578 1965 l.
602 1950 649 1958 —
697 1930 735 1977 9)
759 1929 824 1966 Sic
845 1928 944 1964 enim
968 1928 1093 1965 statuit
1108 1928 1317 1965 ‹Boeckhius
1333 1929 1446 1978 Corp.
1465 1929 1599 1967 Inscrr.

283 2001 346 2023 nn.
374 1989 454 2025 115.
489 1990 566 2025 172.
601 1988 679 2025 183.
725 2008 772 2018 —
846 1990 907 2033 10)
937 1988 1018 2024 Cic.
1056 1988 1078 2024 Ι,
1109 2000 1142 2023 c.
1184 1987 1287 2024 said.
1321 2001 1355 2024 ν.
1391 1990 1603 2035 Σοφοκλῆς.

286 2054 385 2084 auct.
417 2048 493 2084 Vit.
521 2049 634 2097 Soph.
657 2048 782 2085 Chron
826 2048 915 2084 Par.
946 2047 971 2082 1.
993 2048 1052 2083 72.
1104 2049 1258 2093 Argum.
1283 2048 1311 2082 I.
1355 2047 1489 2095 Oedip.
1519 2048 1600 2082 Col.

287 2105 413 2141 Schol.
435 2108 587 2143 Aristid.
622 2123 655 2155 p.
677 2108 754 2143 182.
782 2109 836 2143 ed.
856 2107 1058 2143 Frommel.
1086 2120 1121 2153 p.
1141 2107 1223 2141 485.
1246 2106 1303 2140 ed.
1323 2105 1437 2140 Dind.
1458 2125 1504 2133 -
1545 2108 1603 2142 De

288 2163 431 2201 diversa
448 2166 626 2212 scriptura
646 2167 883 2210 κολωνῆθεν,
909 2163 1150 2208 κολώνηθεν,
1177 2162 1393 2198 κολώνοθεν
1421 2178 1511 2211 quae
1529 2172 1603 2200 sta-

285 2230 406 2261 tuerat
434 2223 607 2261 Osannus
634 2225 671 2261 in
690 2224 831 2274 Syllog.
863 2225 999 2262 Inscrr.
1044 2238 1080 2273 p.
1100 2225 1182 2270 95.,
1214 2223 1394 2273 Reisigius
1417 2224 1603 2273 redarguit

285 2285 401 2331 praef.
420 2285 549 2320 Enarr.
568 2285 662 2321 Oed.
683 2285 763 2320 Col.
790 2299 823 2332 p.
842 2285 1008 2320 XXXIX.
1029 2298 1108 2331 sqq.
1136 2303 1180 2312 —
1231 2285 1291 2327 11)
1317 2297 1373 2330 ap.
1395 2284 1468 2319 Vit.
1487 2284 1600 2331 Soph.

285 2349 385 2379 auct.
434 2343 533 2379 Haec
551 2349 671 2379 autem
693 2333 827 2380 verba:
861 2342 929 2379 οὐκ
952 2342 1180 2407 Ἀθηναζον,
1205 2341 1242 2379 ἆ.
1268 2344 1361 2389 Φλ.,
1389 2356 1472 2379 cum
1499 2350 1603 2380 antea

284 2402 457 2449 quidem,
494 2403 547 2438 uti
575 2403 780 2451 Lessingius
806 2404 964 2448 fecerat,
1000 2405 1095 2440 Istro
1119 2403 1328 2439 tribuissem
1358 2401 1427 2448 ipsi
1453 2411 1604 2450 propter

288 2463 441 2496 verbum
470 2460 678 2509 (poioxovuz
705 2462 847 2498 Meiero
870 2462 917 2498 V.
946 2463 1002 2499 Cl.
1032 2462 1169 2511 placuit
1196 2475 1299 2497 suam
1330 2462 1604 2497 communicare

286 2534 433 2557 mecum
462 2521 703 2564 sententiam,
724 2535 833 2569 quam
863 2521 934 2559 hoc
962 2521 1216 2576 loco'referre
1242 2520 1330 2556 mihi
1357 2520 1474 2557 liceat.
1520 2520 1602 2556 Ete-

284 2581 360 2616 nim
391 2580 522 2616 fefellit
549 2582 704 2617 fortasse
728 2582 831 2618 Vitae
866 2582 1083 2630 scriptorem
1113 2582 1264 2629 opinio,
1304 2587 1346 2616 ut
1368 2582 1464 2617 male
1491 2582 1604 2617 intel-

284 2636 387 2674 lectis
406 2639 488 2674 lstri
504 2638 623 2674 verbis
650 2638 694 2674 de
710 2652 776 2675 suo
797 2638 947 2675 adderet
965 2639 1096 2675 verba:
1126 2637 1196 2674 οὐκ
1207 2636 1330 2684 ’Aoum
1347 2636 1454 2674 ἀλλά.
1490 2636 1604 2684 Quod

287 2694 316 2729 si
342 2694 479 2732 sactum
506 2704 560 2732 est
587 2696 681 2741 (fieri
708 2704 830 2733 autem
858 2695 965 2734 facile
989 2696 1111 2744 potuit
1134 2696 1173 2733 in
1198 2695 1303 2741 Vita,
1337 2709 1446 2744 quam
1471 2695 1602 2733 rectis-
