1739 3067
1539 127 1601 179 1³7

199 257 264 304 cit
305 250 529 310 magistro
563 245 766 307 tragicae
814 247 928 293 artis
969 260 1109 293 usum
1158 261 1256 294 esse
1293 242 1597 308 Sophoclem.

197 324 453 382 Repugnat
485 318 640 373 enim,
675 317 806 378 quod
837 317 962 378 apud
991 312 1294 363 Athenaeum
1316 311 1375 379 ⁵³)
1411 316 1470 363 de
1497 312 1596 369 Ae-,

196 389 359 453 schylo
377 389 555 436 iudicat
573 382 853 447 Sophocles:
889 383 966 434 ὅτι
988 385 1029 433 εἲ
1049 382 1136 433 καὶ
1156 382 1221 433 τὰ
1245 382 1428 435 δέοντα
1447 386 1595 445 ποιεῖ,

197 457 296 507 ἀλλ’
329 456 425 506 οὐκ
454 450 600 509 εἰδώς
629 471 711 521 γε,
749 472 892 518 quam
912 456 1195 502 sententiam
1216 455 1316 516 ipse
1340 456 1593 503 confirma-

194 528 266 575 vit
297 524 565 590 Aeschylus
585 520 670 589 5⁵⁴),
718 534 867 572 artem
897 525 1123 586 trag-icam
1150 541 1198 572 se
1228 541 1328 572 non
1357 525 1594 584 didicisse,

196 595 561 656 sedtragoedias
580 594 792 655 fingendi
810 595 1083 640 facultatem
1105 595 1228 640 miro
1256 596 1464 657 quodam
1486 612 1593 642 mo-

194 668 256 712 do
288 664 522 712 divinitus
550 663 779 725 accepisse
811 664 1064 726 professus-
1150 661 1373 726 Denique
1398 662 1592 714 Lessin-

193 734 324 793 εἰπε,
355 736 436 781 cui
461 731 540 780 his
570 734 624 779 in
645 734 789 779 rebus
811 734 953 779 fidem
972 730 1148 779 habere
1179 750 1266 792 par
1287 743 1378 792 est,
1411 735 1593 793 planis-

194 803 310 848 sime
351 802 594 863 redarguit
638 801 781 848 Vitae
813 801 1057 862 scriptoris
1096 801 1404 857 sententiam,
1462 804 1593 864 quod

192 871 419 931 tragicam
448 881 626 927 artem,
672 872 835 934 paucis
863 870 1039 931 regulis
1071 871 1298 931 exceptis,
1342 886 1463 932 quae
1495 881 1592 918 tra-

191 940 467 1000 goediarum
486 941 609 987 bene
640 940 1011 1003 compositarum
1039 940 1311 1001 cognitione
1340 941 1493 986 multo
1522 941 1594 987 fa-

191 1010 330 1057 cilius
354 1009 412 1058 'a'c
438 1012 611 1059 melius
645 1028 789 1074 quam
807 1020 1111 1073 praeceptore
1133 1007 1352 1058 adhibito
1380 1027 1597 1072 compre-

192 1075 342 1125 hendi
360 1081 546 1141 possint
559 1117 573 1137 ,
609 1081 770 1127 doceri
792 1096 893 1126 non
911 1097 1047 1142 posse
1068 1080 1427 1127 demonstravit.
1495 1078 1593 1131 Ne-

192 1160 284 1209 que
313 1166 421 1196 cum
453 1147 715 1211 Sophocles
744 1150 1055 1207 adolesceret,
1108 1149 1458 1210 tragoediarum
1489 1149 1592 1205 eius

191 1219 377 1275 generis
402 1220 553 1264 multa
573 1220 785 1280 exempla
814 1218 982 1264 iamin
1003 1228 1230 1280 promptu
1259 1228 1417 1275 erant,
1461 1220 1590 1264 unde

193 1286 395 1345 tragicae
427 1288 542 1334 artis
569 1289 759 1348 regulae
787 1287 949 1348 colligi
978 1298 1024 1335 et
1054 1289 1108 1334 in
1138 1298 1319 1336 certum
1349 1288 1588 1351 quendam

189 1356 406 1401 ordinem
437 1357 589 1417 redigi
617 1358 894 1416 potuissent.

676 1579 970 1633 CAPUT
1039 1587 1136 1655 ψ-

324 1718 543 1767 Primum
562 1730 720 1767 autem
741 1727 978 1773 certamen
997 1719 1247 1779 tragicum,
1284 1724 1380 1782 quo
1400 1721 1586 1769 fabulas

186 1789 349 1835 docuit
370 1785 631 1851 Sophocles
643 1826 665 1852 ,·
691 1798 786 1834 tam
811 1788 996 1847 insigne
1022 1788 1187 1835 multis
1205 1797 1273 1834 est
1291 1791 1585 1849 nominibus,

185 1864 375 1920 tamque
397 1856 716 1906 honorificum
747 1858 840 1919 ipsi
861 1854 1112 1919 Sophocli,
1148 1866 1203 1904 ut
1230 1858 1451 1919 pluribus
1486 1861 1585 1907 dis-

188 1928 440 1973 serendum
470 1930 528 1974 de
551 1944 606 1973 eo
629 1927 770 1973 nobis
789 1927 1021 1975 videatur.
1092 1925 1237 1985 Quod
1262 1928 1458 1989 quidem
1478 1946 1582 1976 cer·

182 2004 340 2042 tamen
361 1993 645 2045 Plutarchus
668 1993 725 2059 ⁶⁵)
769 1996 883 2042 dicit
911 1997 1078 2042 eodem
1111 2006 1323 2058 tempore
1357 1999 1580 2046 commis-

181 2080 287 2111 sum
307 2083 418 2124 esse,
453 2085 547 2130 quo
571 2065 760 2123 Cimon,
789 2065 935 2129 Scyro
957 2066 1114 2111 insula
1137 2076 1415 2127 expugnata,
1448 2065 1575 2114 The-

181 2135 248 2179 sei
273 2152 376 2182 ossa
397 2136 713 2198 reportaverit
730 2132 970 2193 Athenas,
1007 2131 1234 2182 archonte
1256 2133 1578 2198 Aphepsione‚

179 2203 238 2247 de
269 2205 405 2249 cuius
436 2207 632 2251 nomine
665 2215 710 2251 et
748 2221 875 2250 anno
912 2215 1074 2264 postea
1112 2205 1339 2252 dicemus.
1431 2204 1576 2251 Prae-

176 2278 303 2317 terea
345 2271 631 2319 Plutarchus
668 2274 812 2318 refert
853 2270 940 2318 hac
987 2273 1089 2333 ipsa
1131 2273 1402 2318 fabularum
1445 2290 1577 2319 com-—

174 2340 401 2398 missione
420 2342 656 2402 neglectas
674 2341 817 2394 fuisse
841 2341 966 2399 leges
980 2377 994 2397 ,
1030 2356 1146 2402 quas
1167 2337 1259 2386 hoc
1282 2341 1333 2385 in
1356 2343 1577 2389 certami-

261 2613 320 2660 63)
348 2614 374 2649 l.
397 2615 427 2649 1.
462 2628 497 2662 p.
517 2614 576 2649 20.
614 2614 639 2649 1.
660 2614 705 2648 X.
734 2624 771 2660 p.
790 2610 870 2646 428.
894 2610 937 2645 E.
960 2610 1003 2645 F.
1035 2627 1083 2636 —
1144 2608 1204 2654 64)
1241 2622 1300 2657 ap.
1319 2609 1475 2648 Pansam
1502 2611 1527 2647 l.
1545 2611 1573 2647 1.

260 2686 293 2707 c.
314 2673 371 2707 21.
392 2692 437 2699 —
479 2673 538 2717 65)
556 2671 631 2707 Vit.
656 2670 803 2707 Cimon.
835 2682 868 2705 e.
890 2668 922 2704 8.
949 2681 988 2715 p.
999 2666 1082 2704 483.
1195 2725 1225 2766 2
