1739 3067
170 150 232 201 14

167 269 431 332 nonaginta
451 269 703 332 quinque‚·
729 278 776 314 et
795 266 978 315 Valerii
999 267 1239 314 Maximi-⁴
1243 267 1308 331 ⁵),
1349 268 1441 333 qui
1454 266 1575 312 adeo

166 352 316 400 prope
333 346 530 393 centum
546 353 702 384 asinos
719 346 886 396 natum
897 332 1197 398 Sophoclem
1210 337 1386 384 obiisse
1408 333 1576 390 tradit3

167 407 282 470 quia
301 404 421 454 haec
439 407 604 453 omnia
623 407 780 453 refelli
809 406 1093 453 certioribus
1128 407 1416 454 testimoniis
1435 418 1578 464 supra

169 476 552 523 commemoratis
583 491 863 537 persuasum
887 475 1031 522 nobis
1062 485 1151 523 est:
1199 491 1289 537 pro
1320 483 1449 523 certo
1483 471 1580 517 iam

168 543 310 592 liceat
351 561 532 606 ponere
564 561 707 607 quem
754 544 1109 604 designavimus
1149 560 1335 594 annum
1370 541 1579 591 natalem

169 610 479 678 Olympiadis
512 613 665 663 LXX.
696 622 936 676 quartum.

646 823 944 871 CAPUT
1001 824 1106 872 IV.

311 946 518 1003 Etiamsi
549 949 686 996 nullo
734 950 1021 1011 scriptorum
1051 958 1266 996 veterum
1307 951 1580 996 testimonio

171 1018 451 1076 confirmata
467 1029 593 1065 esset
611 1035 780 1065 eorum
798 1019 1033 1066 sententia
1049 1056 1062 1076 ‚
1099 1019 1183 1082 qui
1198 1035 1403 1080 puerum
1421 1019 1583 1065 existi-

173 1095 309 1133 mant
327 1086 593 1135 liberaliter
614 1087 889 1135 institutum
912 1089 1279 1151 quibuscunque
1300 1088 1484 1134 artibus
1504 1088 1582 1133 in-

172 1157 397 1215 genuums
409 1157 661 1219 nobilique
694 1167 861 1204 natum
881 1158 987 1204 loco
1021 1168 1124 1205 tum
1155 1158 1363 1204 deceret:
1399 1153 1584 1219 nihilo—

174 1225 337 1270 minus
359 1224 489 1286 ipsae
511 1222 765 1287 Sophoclis
786 1226 1057 1286 tragoediae
1079 1223 1215 1287 haud·
1231 1226 1453 1286 ambigua
1474 1242 1586 1271 eru—

170 1293 375 1339 ditionis
403 1309 636 1356 perquam
659 1295 873 1340 liberalis
904 1312 958 1341 ac
980 1296 1249 1342 fructuosae
1272 1296 1413 1341 nobis
1440 1295 1585 1340 offer—

176 1371 284 1409 rent
311 1361 508 1411 indicia.
600 1361 784 1410 Verum
819 1364 993 1411 diserte
1025 1373 1353 1410 contestantur
1385 1361 1506 1409 Ister
1540 1371 1586 1408 et

175 1429 318 1477 Vitae
358 1431 587 1493 scriptor,
642 1433 837 1479 musicis
874 1450 928 1479 ac
968 1433 1200 1496 gymnicis
1244 1432 1584 1479 certaminibus

177 1499 408 1546 victorem
432 1517 530 1547 esse
541 1497 831 1563 Sophoclem
853 1502 1199 1564 renuntiatum.
1271 1500 1437 1560 Quid?
1457 1501 1587 1564 quod

177 1570 296 1614 adeo
328 1569 620 1631 reipublicae
654 1571 1067 1618 administratione
1097 1571 1354 1632 probatum
1386 1579 1432 1616 et
1459 1571 1588 1630 lega—

176 1639 391 1699 tionibus
411 1640 630 1697 tradunt3
658 1635 720 1705 ⁴⁶)
773 1641 949 1703 quibus
971 1651 1132 1688 tamen
1157 1641 1197 1686 si
1213 1640 1319 1702 quis
1339 1639 1480 1685 fidem
1499 1636 1589 1686 ha-

176 1709 390 1753 bendam
421 1724 520 1754 esse
550 1710 761 1769 negarit,
793 1707 921 1755 nihil
950 1710 1175 1771 impedio.
1254 1707 1473 1757 Musicae
1502 1724 1589 1754 au-

179 1787 274 1822 tem
303 1793 357 1822 ac
377 1778 626 1840 gymnicae
658 1778 773 1824 artis
791 1779 1017 1838 magistro
1052 1778 1313 1824 clarissimo
1334 1795 1454 1839 puer
1473 1793 1589 1824 usus

181 1854 249 1890 est
270 1844 481 1907 Lampro
504 1844 577 1911 ⁴⁷)
657 1846 807 1894 Cuius
829 1848 925 1893 viri
942 1849 1067 1894 fama
1095 1856 1227 1893 tanta
1247 1847 1365 1903 fuit,
1398 1857 1453 1893 ut
1481 1863 1589 1892 cum

180 1914 521 1961 laudatissimis
564 1916 759 1963 musicis
821 1916 1086 1979 antiquitus
1132 1925 1504 1977 compararetur.
1529 1911 1590 1976 ⁴⁸)

180 1981 286 2029 Hoc
318 1994 624 2047 praeceptore
654 1986 856 2046 dignum
901 2001 1000 2032 sese
1026 1985 1255 2047 praebuit
1286 1985 1475 2031 iuvenis
1508 2000 1592 2030 eo·-

180 2054 289 2099 dem
319 2054 421 2111 die,
468 2072 564 2118 quo
598 2048 986 2117 splendidissima
1016 2051 1361 2102 Themistocles
1392 2053 1593 2101 victoria

180 2123 240 2167 de
268 2120 526 2171 Persarum
546 2125 691 2171 classe
722 2134 963 2188 reportata
985 2141 1092 2171 cum
1115 2124 1413 2204 reliquorum
1437 2120 1592 2169 Grae-

183 2209 373 2249 corum,
420 2203 523 2240 tum
544 2196 798 2257 praecipue
817 2191 1191 2242 Atheniensium
1223 2185 1426 2254 gloriam
1444 2193 1594 2240 liber-

185 2269 422 2325 tatemque
444 2264 715 2321 constitui13
756 2265 947 2318 eodem,
983 2264 1206 2326 inquam,
1241 2263 1344 2320 die,
1378 2279 1473 2325 quo
1491 2260 1595 2308 Eu-

279 2471 343 2516 45)
372 2471 395 2506 l.
419 2472 517 2508 vm.
546 2487 580 2509 c.
604 2472 638 2508 7.
676 2477 709 2517 §.
733 2474 787 2508 12.
830 2492 875 2501 -
936 2472 1002 2518 46)
1018 2472 1128 2508 Auct.
1150 2470 1224 2506 Vit.
1243 2469 1438 2518 Sophocl.:
1473 2469 1536 2504 καὶ
1555 2466 1596 2503 ἐν

281 2529 450 2576 πολιτείᾳ
488 2532 550 2566 καὶ
581 2529 623 2566 ἐν
645 2530 860 2576 πρεσβείαις
885 2526 1089 2575 ἐξητάζετο.
1123 2547 1170 2556 —
1216 2527 1281 2572 47)
1311 2526 1388 2566 vit.
1419 2523 1594 2575 Sophocl.

281 2589 418 2626 Athen.
464 2589 492 2626 l.
514 2590 544 2629 Ι.
595 2604 630 2637 p.
650 2590 709 2625 20.
734 2590 776 2625 F.
819 2608 865 2616 —
937 2588 998 2634 48)
1036 2585 1189 2623 Cor-nel.
1214 2585 1307 2633 Nep.
1337 2585 1466 2634 Epam.
1498 2597 1528 2618 c.
1558 2584 1594 2619 2.

277 2647 468 2684 Plutarch.
494 2649 537 2683 de
559 2650 660 2684 Mus.
688 2663 726 2696 p.
746 2649 828 2684 685.
877 2646 971 2682 mat.
989 2646 1138 2682 Menex.
1170 2659 1206 2693 p.
1222 2645 1303 2682 236.
1323 2645 1389 2689 A„
1415 2643 1473 2679 cui
1493 2653 1597 2688 repu-

275 2713 362 2752 gnat
393 2706 524 2745 Athen.
564 2708 586 2743 l.
621 2708 683 2744 ΧΙ.
712 2715 799 2744 extr.
845 2709 867 2743 l.
888 2706 936 2748 ΙΙ,
965 2707 1002 2751 6.
1052 2718 1090 2753 p.
1107 2706 1164 2740 54.
1224 2703 1293 2740 cfr.
1332 2701 1494 2747 Lessing.
1524 2696 1596 2733 Vit-
