1739 3067
168 248 423 316 Σόφιλον,
460 252 650 297 eosdem
674 267 985 316 ‘nuncupasse
1014 268 1151 312 eum,
1192 255 1278 316 qui
1303 256 1431 317 apud
1455 252 1571 304 alias

168 319 329 404 gentes
351 315 587 385 Θεόφιλος
607 321 808 370 audiret.
860 319 940 379 At,
962 322 1128 385 quod
1114 339 1211 369 lam
1229 320 1501 371 Boeckhius
1517 320 1571 386 ¹⁷)

169 378 472 452 significavit,
528 407 696 436 verum
727 391 938 439 nominis
965 389 1200 456 Σοφίλου
1236 409 1273 442 5.
1308 390 1572 456 Σοφίλλου

167 460 468 525 primitivum
491 468 560 507 est
580 454 759 526 σοφός5
785 468 854 508 ut
859 460 920 508 sit
942 461 1296 509 deminutivum
1313 462 1573 511 formatum

169 532 230 576 ad
245 530 512 589 analogiam
528 531 871 576 vocabulorum
878 527 1129 595 Χοιρίλος,
1149 526 1430 595 μύρτιλλος,
1453 532 1574 577 alio-

170 617 294 657 ι·,ιιιιι
321 600 381 645 de
399 598 574 661 quibus
595 599 694 648 vid.
703 591 889 647 Matth.
901 598 988 649 Gr.
1021 598 1110 651 Gr.
1123 599 1158 650 I.
1195 618 1242 662 p.
1256 600 1380 650 217.
1414 613 1463 649 n.
1475 597 1524 649 3.

309 661 410 714 Iam
439 685 554 715 vero
588 667 919 750 quaerendum
942 679 1011 716 est
1038 671 1098 717 de
1127 686 1178 717 re
1207 670 1320 717 satis
1350 671 1574 730 ambigua

170 756 223 785 ac
245 738 548 796 subdifficili,
580 732 776 786 cuinam
794 739 971 786 civium
995 740 1157 790 ordini
1186 739 1449 801 adscriptus
1469 739 1575 786 fue-

169 809 233 854 rit
262 797 526 869 Sophillus.
610 800 683 855 Ac
710 809 921 869 primum
955 810 1149 871 quidem
1184 805 1498 856 Aristoxenus
1529 816 1577 854 et

170 876 315 933 Ister,
370 894 608 941 quorum
612 878 868 925 sententias
901 879 1086 926 notavit
1116 877 1253 925 Vitae
1284 873 1577 939 Sophocleae

172 956 363 1011 auctor,
410 947 463 992 in
495 963 549 992 eo
579 937 910 1008 consentiunt,
964 948 1096 1010 quod
1128 944 1377 994 hominem
1404 957 1577 1008 opera-

171 1017 299 1063 rium
329 1015 474 1063 fuisse
495 1003 770 1077 Sophillum
803 1017 994 1064 dicunt.
1036 1033 1243 1078 namque
1262 1016 1577 1063 Aristoxenus

171 1086 375 1133 dubium
407 1085 661 1148 relinquit3
693 1095 861 1132 utrum
894 1086 976 1131 ille
1003 1086 1137 1132 faber
1165 1086 1311 1132 fuerit
1343 1085 1577 1146 tignarius

173 1159 235 1201 an
218 1144 351 1202 ”ferr
345 1156 505 1211 ·a1·ius;
537 1151 655 1201 Ister
674 1152 892 1216 opificem
916 1156 1185 1215 gladiorum
1207 1155 1412 1202 eundem
1430 1154 1577 1201 fuisse

175 1225 332 1273 tradit.
401 1223 444 1268 V
448 1225 540 1269 itae
565 1220 792 1284 Sophocl.
827 1225 1030 1285 scriptor
1053 1225 1224 1270 neutri
1247 1225 1392 1270 fidem
1420 1231 1578 1269 censet

173 1310 272 1339 esse
299 1292 525 1338 tribuend
532 1308 635 1350 am5
708 1303 848 1355 atque
886 1290 1010 1338 hanc
1054 1293 1250 1355 quidem
1293 1293 1577 1340 sententiam

172 1379 306 1409 suam
330 1361 512 1428 duplici
531 1362 718 1408 ratione
738 1362 1041 1423 comprobari
1060 1361 1300 1423 opinatur.
1373 1359 1449 1410 Οὐ
1478 1357 1579 1427 γὰρ

174 1428 326 1491 εικὸς,
366 1430 550 1493 inquit,
593 1427 686 1480 τὸν
709 1431 762 1479 ἐκ
779 1434 873 1479 τοῦ
892 1426 1125 1479 τοιούτου
1152 1426 1427 1513 γενόμενον
1458 1432 1580 1495 (tam

172 1495 352 1547 humili
373 1500 479 1546 loco
502 1499 693 1563 natum)
721 1497 1023 1583 στρατηγίας
1053 1498 1336 1562 ἀξιωθῆναι
1358 1497 1454 1547 σὺν
1473 1498 1577 1546 Πε-

174 1569 341 1634 ρικλεῖ
346 1566 432 1616 καὶ
457 1566 762 1634 Θουκυδίδῃ,
782 1571 886 1622 τοῖς
906 1564 1121 1633 πρώτοις
1138 1572 1225 1631 τῆς
1243 1564 1453 1622 πόλεως·
1475 1566 1575 1616 ἀλλ

175 1635 288 1686 οὐδ’
325 1634 389 1685 ἂν
418 1634 518 1684 υπὸ
546 1641 653 1685 τῶν
684 1636 950 1702 κωμῳδῶν
982 1635 1197 1700 ἄδηκτος
1224 1633 1437 1701 ἀφείθη,
1474 1639 1580 1684 τῶν

176 1702 294 1755 οὐδὲ
340 1703 725 1769 Θεμιστοκλεους
756 1704 1134 1768 ἀποσχομένων.
1224 1705 1460 1765 Quocirca
1488 1704 1581 1752 So-

174 1774 382 1838 phillum
405 1791 506 1820 non
529 1776 686 1835 ipsum
705 1776 896 1822 fabrum
915 1775 1075 1831 fuisse,
1110 1776 1192 1819 sed
1215 1790 1375 1820 servos
1394 1784 1581 1821 tantum

176 1845 349 1905 aluisse
370 1844 429 1889 ad
452 1844 684 1899 fabricam
704 1853 855 1895 artem
872 1844 1191 1900 factitandam,¹
1206 1843 1288 1889 ille
1307 1842 1581 1890 arbitratur.

176 1913 565 1975 Haudquaquam
594 1923 755 1960 tamen
778 1910 868 1960 hac
889 1912 1303 1972 argumentatione
1329 1913 1489 1959 resad
1518 1911 1582 1958 li-

176 1982 381 2064 quidum
401 1991 471 2028 est
490 1983 732 2047 perducta.
800 1981 1018 2046 Namque
1040 1983 1170 2045 quod
1189 1982 1344 2043 'primo
1365 1982 1472 2028 loco
1492 1997 1583 2043 po-

177 2053 273 2099 suit
291 2061 641 2111 argumentum,
674 2051 816 2098 Vitae
842 2061 1008 2098 auctor
1027 2052 1127 2113 ipse
1149 2048 1415 2110 redarguit,
1450 2051 1581 2112 quod

177 2116 552 2182 Themistoclem
584 2126 925 2169 commemorat
965 2138 992 2167 a
1035 2120 1235 2170 comicis
1266 2119 1582 2181 perstrictum,

177 2190 287 2257 quia
309 2187 514 2251 ignobili
532 2190 638 2251 loco
659 2199 811 2239 natus
804 2188 1074 2257 imperium
1095 2187 1322 2248 bellicum
1338 2188 1582 2235 obtinuis-

180 2271 260 2308 set.
330 2257 527 2347 Etenim
556 2246 894 2307 Themistoclis
924 2269 1124 2306 matrem
1153 2255 1412 2305 Thressam
1438 2257 1582 2304 fuisse

178 2331 362 2386 ferunt,
385 2326 438 2391 18)
499 2330 703 2392 ideoque
723 2324 883 2384 νόθος
910 2326 1038 2393 πρὸς
1059 2322 1248 2393 μητρός
1269 2327 1446 2375 dicitur
1462 2325 1583 2374 Plu-

179 2396 361 2447 tarcho.
384 2395 438 2460 19)
488 2398 782 2456 Praeterea,
819 2410 873 2447 ut
895 2400 1114 2445 'aliorum
1134 2398 1378 2446 mittamus
1398 2410 1583 2443 memo-

276 2571 336 2613 17)
363 2570 387 2604 l.
407 2583 493 2604 c.—
522 2568 578 2613 18)
604 2566 744 2610 Aelim.
766 2565 872 2609 V.,11.
899 2566 923 2601 l.
943 2567 1029 2601 ΧΗ.
1050 2578 1083 2599 c.
1103 2548 1167 2600 43.
1188 2571 1223 2599 et
1239 2563 1411 2612 perizon,
1432 2562 1479 2599 ad
1498 2562 1534 2597 h.
1555 2563 1580 2598 1.

272 2627 476 2674 Tzschuck.
500 2634 535 2663 et
565 2626 663 2663 Harl.
690 2626 732 2662 ad
756 2625 908 2662 Cornel.
926 2624 1019 2672 Nep.
1046 2622 1286 2667 Themisto-:l-
1310 2624 1398 2668 0.,1.
1448 2621 1583 2671 Athen.

274 2688 406 2723 txul.
426 2700 456 2721 c.
469 2689 556 2721 5.-—-
585 2685 642 2731 19)
660 2684 731 2719 vit.
746 2684 984 2720 Themistocl.
1004 2685 1081 2733 αλ.
1105 2685 1297 2737 p.11l.sq.
1316 2683 1558 2723 ed0F-rancof.
