1739 3067
1491 137 1553 186 19

149 263 252 307 xius
274 253 359 319 ⁷⁶)‚'
406 256 491 320 qui
522 271 650 301 anno
674 264 842 316 quarto
864 252 1149 317 Sophoclem
1170 255 1383 316 primum
1406 261 1550 312 tetra-

149 328 271 387 logia
300 326 467 381 vicisse
491 324 877 384 comprobarunt.
896 322 907 330 '

248 413 253 419 ·
285 393 351 442 Ut
372 401 553 449 autem,
574 391 763 454 quibus
794 392 997 438 maxime
1017 391 1284 439 rationibus
1311 392 1553 454 innitatur

150 481 314 511 eorum
347 458 602 519 sententia,
648 472 982 522 cognoscatur,
1029 463 1090 508 ad
1124 461 1384 509 Marmoris
1413 461 1546 510 Parii

148 534 306 580 locum
350 531 657 586 revertimur,
712 548 851 593 quem
903 547 1004 592 cap.
1039 529 1126 576 ΙΙΙ.
1171 532 1544 581 emendavimus.

146 599 506 663 Apsephionem
526 600 657 645 enim
670 636 682 655 ,
725 600 804 646 cui
821 601 873 645 in
897 599 1138 645 Marmore
1160 599 1328 646 tertius
1349 597 1547 665 Olymp.

146 668 395 719 LXXVII.
415 683 569 716 annus
589 669 876 727 designatur,
911 665 1238 728 Apollodorus
1253 666 1308 731 ⁷⁷)
1341 667 1546 716 archon-

147 748 242 785 tem
274 738 419 785 fuisse
449 738 594 784 refert
626 736 837 782 eiusdem
868 732 1329 799 Olympiadis·anno
1362 747 1545 799 quarto,

148 805 283 851 Idem
312 824 366 851 ex
385 801 635 852 Plutarchi
663 806 769 850 loco
794 821 936 866 supra
967 815 1335 850 commemorato
1367 807 1546 866 colligit

144 874 445 936 Lessingffis,
480 874 568 938 qui
593 890 714 937 qnae
741 870 824 923 Ol.
844 871 1092 923 LXXVII.
1134 890 1176 923 a.
1197 874 1244 923 3.
1292 891 1319 920 a
1345 871 1546 921 Cimone

147 953 270 1002 gesta
308 953 471 990 narret
488 942 734 990 Diodorus
753 940 836 1006 ⁷⁸),
881 959 981 988 non
998 943 1208 1003 potuisse
1239 944 1401 1004 perfici
1436 954 1545 990 ante

148 1013 356 1058 eiusdem
392 1013 509 1059 anni
541 1013 714 1070 finem,
757 1013 960 1075 ideoque
989 1020 1158 1074 quarto
1191 1014 1385 1059 demum
1416 1030 1544 1059 anno

146 1090 336 1143 tropaea
380 1082 678 1129 constituisse
719 1079 971 1127 Cimonem
1011 1090 1057 1126 et
1096 1078 1310 1127 Athenas
1348 1083 1545 1128 rediisse

96 1201 101 1206 ¹,
146 1152 451 1199 demonstrat.
485 1171 487 1173 ·
521 1149 670 1197 Plane
700 1166 810 1196 cum
834 1146 912 1195 his
943 1150 1167 1196 convenit
1183 1149 1235 1196 C.
1257 1149 1392 1201 Guil.
1415 1151 1544 1197 Krii-

147 1235 254 1277 gero
269 1216 349 1281 ⁷⁹),
368 1220 453 1282 qui
470 1218 820 1267 accuratissime
836 1218 1084 1280 descriptis
1102 1219 1398 1280 temporibus
1411 1219 1545 1267 Dod—

146 1287 278 1332 welli
298 1285 358 1350 ⁸⁰)
396 1298 441 1335 et
472 1287 713 1335 Clintonis
734 1284 789 1351 ⁰¹)
826 1286 1082 1333 sententias
1110 1287 1367 1348 redarguit.
1434 1287 1543 1334 Non

146 1355 290 1415 igitur
319 1367 460 1415 esset,
517 1374 601 1405 cur
632 1354 922 1419 Apollodori
956 1356 1217 1414 rationem,
1270 1357 1544 1419 peritissimi

145 1434 410 1485 temporum
455 1427 688 1482 auctoris,
766 1426 818 1470 in
861 1425 1211 1471 dubitationem
1253 1442 1545 1482 vocaremus,

144 1493 236 1539 nisi
264 1492 555 1542 'Plutarchus
586 1493 678 1541 sibi
709 1510 972 1555 repugnare
1006 1494 1274 1550 videretur,
1330 1497 1460 1558 quod
1493 1497 1542 1541 in

147 1559 320 1608 Thesei
343 1563 439 1610 vit.
459 1581 498 1610 c.
521 1564 602 1612 36.
625 1561 742 1609 haec
762 1560 926 1608 babet:
974 1560 1125 1610 Μετὰ
1146 1559 1201 1610 δὲ
1223 1562 1287 1610 τὰ
1312 1561 1542 1626 Μηδικὰ,

147 1628 417 1687 Φαίδωνος
448 1631 712 1696 ἄρχοντος,
747 1629 1138 1694 μαντευομένοις
1171 1633 1275 1687 τοῖς
1302 1630 1533 1696 Ἀθηναί-

146 1717 216 1753 οις
254 1699 446 1749 ἀνεῖλεν
480 1700 511 1763 ἡ
544 1699 731 1748 Πυθία
772 1698 835 1747 τὰ
863 1698 1058 1762 Θησέως
1099 1699 1375 1764 ἀναλαβεῖν
1418 1701 1542 1748 ὀστᾶ

146 1785 183 1816 c.
204 1786 247 1832 q.
273 1787 307 1817 S.
331 1767 390 1833 ⁸²)
422 1799 489 1806 —
525 1769 648 1819 Cum
667 1787 780 1817 vero
804 1778 984 1817 constet
1006 1766 1310 1816 Phaedonem
1335 1769 1543 1818 archon-

144 1962 404 1969 —————---—-.-—-

234 2099 330 2122 none
350 2085 488 2122 Chron.
519 2091 552 2119 et
580 2082 828 2118 Commentar.
864 2081 908 2116 ad
942 2081 1078 2116 Max-in.
1115 2081 1196 2116 Pax.
1226 2081 1299 2116 vid.
1340 2083 1452 2130 Coi-p.
1482 2084 1543 2118 ln-

233 2158 323 2181 scrr.
370 2143 452 2178 Vol.
479 2142 526 2178 ll.
571 2142 674 2176 Fasc.
696 2139 721 2173 l.
759 2152 818 2186 pp.
839 2138 920 2174 320.
948 2151 1003 2184 sq.
1020 2137 1102 2173 340.
1127 2156 1172 2162 —
1219 2139 1277 2184 76)
1309 2140 1475 2187 l'rolegg.
1499 2144 1542 2176 ad

236 2202 363 2249 Antig.
383 2200 555 2249 Sophocl.
597 2213 631 2247 p.
651 2199 709 2235 98.
730 2211 809 2245 sqq.
832 2218 870 2226 -—
920 2198 985 2240 77)
1013 2210 1067 2244 ap.
1090 2197 1198 2244 Diog.
1221 2198 1337 2232 [εει-ί.
1369 2199 1393 2234 l.
1413 2199 1441 2233 ll
1458 2227 1466 2243 ⁷
1485 2202 1529 2234 414

233 2261 304 2298 cfr.
335 2261 360 2297 l.
380 2260 452 2302 IX,
475 2260 534 2296 41.
564 2277 611 2285 --
658 2259 719 2304 78)
751 2257 852 2294 1.X1.
887 2270 918 2293 c.
937 2256 1107 2293 60—63.
1138 2276 1184 2283 -
1246 2258 1315 2304 79)
1341 2257 1475 2302 „Ueb.
1503 2262 1534 2295 «k

233 2320 384 2355 Cimon.
413 2319 592 2360 Frieden,
625 2319 662 2353 in
681 2317 837 2352 Seebod.
862 2316 974 2352 Arch.
1006 2315 1033 2350 f.
1057 2315 1146 2349 Phil.
1167 2328 1201 2348 u.
1233 2315 1420 2362 Paedag.’'
1441 2317 1542 2352 1824.

229 2376 323 2412 T.1.
369 2376 415 2424 P.
436 2378 470 2413 2.
515 2390 550 2425 p.
567 2374 784 2412 205—237.
827 2377 885 2419 (V.
922 2386 956 2421 p.
975 2373 1055 2409 228.
1090 2377 1192 2420 sqq.)
1251 2380 1285 2408 et
1317 2373 1352 2408 in
1382 2373 1545 2414 Clinton.

231 2436 342 2472 Fasti.
366 2434 463 2472 Hell.
490 2435 534 2470 ad
562 2448 594 2472 a.
613 2433 693 2470 469.
724 2452 771 2461 -
819 2432 879 2478 80)
905 2431 1054 2468 Annall.
1072 2431 1264 2479 Thucydd.
1303 2445 1339 2480 p.
1360 2433 1443 2469 625.
1463 2448 1542 2481 sqq.

232 2513 278 2521 —
302 2494 362 2540 81)
392 2494 419 2530 l.
437 2507 469 2530 e.
496 2512 542 2521 —
599 2494 660 2540 82)
688 2492 883 2540 perperam
909 2489 997 2526 haee
1020 2489 1207 2525 Plutarchi
1232 2492 1340 2527 verba
1369 2492 1545 2540 interpre-

231 2559 327 2589 tatur
342 2552 508 2589 VVexius
532 2554 702 2601 Prolegg.
732 2552 775 2587 ad
801 2550 924 2598 Antig.
951 2564 986 2597 p.
1006 2551 1065 2586 29.
1118 2549 1228 2585 Cuius
1258 2551 1407 2597 quidem
1434 2558 1543 2590 verba

232 2614 341 2650 haec:
380 2613 518 2659 „Bene
545 2621 664 2649 autem
686 2609 948 2648 demonstravit
977 2609 1209 2656 Lessingius‚
1247 2612 1542 2648 commissionvn.

232 2673 336 2710 istam
364 2680 397 2709 ct
436 2672 675 2721 Aphepsionis
717 2681 921 2720 praeturam
950 2670 985 2705 in
1020 2683 1153 2705 ¹uinum
1184 2670 1246 2705 01.
1277 2671 1333 2705 77.
1365 2684 1438 2707 non
1473 2681 1516 2707 m
