1739 3067
673 305 968 354 CAPUT
1048 304 1124 353 11.

216 458 220 461 ,
271 425 281 435 ¹
342 406 593 470 Sophoclis
622 415 802 467 patrem
838 406 1010 453 Suidas
1031 417 1076 452 et
1098 405 1236 452 Vitae
1268 416 1433 452 auctor
1465 401 1599 453 ἀνώ-

206 494 363 540 νυμος
385 473 640 538 Sopbilum
660 475 804 522 fuisse
822 476 1053 533 referunt3
1090 475 1375 538 quibuscum
1397 491 1598 522 consen-

205 549 293 599 tire
325 547 512 592 videtur
527 554 700 599 ¹auctor
728 545 1077 606 epigrammatis
1109 541 1307 592 Anthol.
1341 543 1428 593 Gr.
1474 542 1532 593 T.
1558 543 1595 593 l.

206 635 248 677 p.
274 614 383 667 168.
422 616 495 663 ed..
518 611 730 662 Brunck.
749 611 971 678 (Authol.
990 613 1140 662 Palat.
1164 611 1273 669 VII,
1292 611 1421 675 21.):

345 679 445 731 Τὸν
464 679 516 731 σὲ·
533 685 707 747 χοροῖς
723 681 987 745 μέλψαντα
1006 679 1273 745 Σοφοκλέα
1299 679 1457 731 παῖδα

1064 748 1312 814 Σοφίλου,
1347 768 1442 813 e.q.
1456 768 1491 799 s.

203 821 288 867 ubi
331 830 490 873 tamen
522 821 658 867 metri
700 837 838 867 causa
868 820 1209 866 restituendam
1252 835 1350 865 esse
1391 820 1592 880 scriptu—

202 905 301 936 ram
335 884 597 952 Σοφίλλου
639 889 898 938 rectissime
938 899 1099 935 monet
1138 884 1408 935 Boeckhius
1427 949 1430 951 -
1450 887 1593 951 Corp.

204 958 373 1005 Inscrr.
422 956 531 1006 vol.
565 958 626 1008 Π.
683 958 858 1018 Fascic.
891 958 928 1007 I.
976 975 1080 1020 pag.
1115 958 1234 1007 320.
1333 956 1494 1004 Etiam
1535 960 1594 1004 ab

201 1027 443 1074 Clemente
464 1027 790 1075 Alexandrino
807 1025 889 1089 ¹²),
944 1027 1114 1075 Tzetza
1130 1024 1209 1088 ¹³),
1255 1036 1302 1073 et
1334 1025 1593 1075 Marmoris

200 1094 330 1142 Parii
351 1092 406 1157 u)
446 1106 635 1143 auctore
655 1092 908 1161 Σόφιλλος
928 1094 975 1158 ¹⁵)
1008 1106 1215 1143 vocatur.
1287 1094 1446 1142 Priori
1477 1097 1593 1143 scri-

199 1174 369 1223 pturae.
379 1165 537 1210 favere
557 1166 636 1210 vid
643 1176 748 1212 etur
756 1165 999 1212 Diodorus
1007 1166 1199 1213 Siculus
1213 1165 1243 1210 l.
1256 1164 1391 1212 XIII.
1406 1184 1444 1212 c.
1460 1166 1570 1213 103.
1582 1204 1593 1222 ,

199 1232 282 1294 qui
304 1227 546 1296 Θεόφιλον
566 1231 819 1295 Sophoclis
849 1243 1029 1295 patrem
1054 1243 1323 1295 nuncupat;
1372 1236 1591 1296 quocirca

198 1302 532 1359 corrigendum
551 1313 709 1349 censet
732 1301 988 1358 Meursius‚
1021 1304 1307 1364 reprobante
1327 1302 1591 1364 Lessingio,

198 1369 282 1434 qui
303 1364 526 1434 Σόφιλος
555 1388 608 1417 ac
629 1366 864 1436 Θεόφιλος
894 1372 1021 1417 idem
1053 1388 1150 1418 esse
1180 1387 1358 1419 nomen
1386 1373 1589 1419 arbitra-

198 1448 298 1494 tur,
350 1440 413 1486 ob
454 1441 646 1487 dialecti
683 1451 868 1488 tantum
908 1442 1182 1487 varietatem
1220 1441 1403 1502 duplici
1445 1445 1588 1499 modo

196 1508 576 1567 pronuntiatum.
657 1509 840 1557 Verum
872 1510 1046 1556 erravit
1072 1509 1358 1571 LessingiuS.
1440 1509 1590 1559 Nam-

197 1592 287 1637 que
312 1577 452 1625 sicuti
472 1578 723 1640 Spartani,
765 1581 942 1642 quique
971 1581 1170 1626 dialecto
1189 1578 1364 1627 Dorica
1387 1583 1587 1627 uteban-

197 1653 297 1701 tur,
332 1642 456 1700 Σιός
484 1648 706 1695 dicebant
739 1666 827 1710 pro
852 1644 991 1706 Θεός,
1028 1658 1073 1696 et
1093 1646 1329 1712 Σίσυφος
1356 1667 1441 1711 pro
1470 1645 1587 1698 Θεό-

197 1726 350 1776 σοφος
371 1711 447 1777 ¹⁵):
485 1719 821 1778 exspectaveris
851 1714 1010 1780 potius
1043 1714 1263 1781 Σίφιλον
1289 1735 1443 1781 neque
1473 1736 1586 1764 vero

283 1887 373 1923 sime
391 1888 596 1926 Boeckhius
618 1889 707 1926 dicit
726 1903 767 1925 ex
795 1889 923 1938 pannis
942 1901 1017 1925 esse
1036 1887 1339 1934 consarcinatam)
1375 1889 1508 1937 triplici
1524 1903 1586 1925 ra-

250 1973 255 1980 ,
282 1944 383 1982 tione
399 1946 481 1983 Istri
498 1947 717 1983 sententiam
734 1947 912 1985 illustrare
927 1948 1076 1995 poteris.
1125 1946 1290 1995 Namque
1308 1948 1400 1984 Ister
1420 1954 1481 1984 aut
1501 1948 1585 1984 scti-

218 2028 222 2033 ·
285 2006 353 2052 psit
374 2007 499 2042 Φλυέα
522 2007 579 2043 vel
601 2004 816 2051 Φυλάσιον,
842 2012 882 2040 ut
898 2019 1008 2053 pagos
1032 2013 1175 2042 tantum
1202 2005 1464 2053 confunderet,
1490 2004 1586 2051 (sor-

285 2071 377 2102 tasse
396 2064 610 2115 ἐγκτήματα
638 2066 787 2102 suerunt
805 2065 979 2115 Sophocli
1008 2079 1064 2114 ap.
1084 2065 1284 2114 Phlyenses
1309 2065 1363 2101 vel
1384 2066 1585 2114 Phylasios)

282 2135 344 2163 aut
375 2127 596 2175 Sophoclem
626 2126 666 2163 τὸ
702 2125 885 2164 ἀνέκαθεν
918 2125 1134 2168 Phliasium,
1175 2139 1194 2161 a
1231 2125 1397 2161 Phliasiis
1443 2125 1585 2161 civitate

284 2187 461 2221 donatum
487 2186 600 2222 fuisse
627 2186 830 2233 significare
853 2185 981 2221 voluit.
1063 2185 1155 2219 Mihi
1184 2185 1332 2231 quidem
1361 2186 1586 2231 coniectura,

284 2240 395 2293 quam
423 2245 586 2282 secundo
611 2245 693 2281 loeo
721 2245 847 2294 posui,
886 2245 969 2292 quia
997 2244 1050 2280 illi
1080 2245 1235 2280 maxime
1261 2243 1381 2279 favere
1411 2243 1583 2279 videntur

284 2303 389 2338 Vitae
417 2303 606 2349 scriptoris
632 2303 744 2349 ipsius
772 2303 904 2346 verba,
937 2302 984 2336 ita
1003 2301 1144 2343 arrisit,
1169 2309 1208 2336 ut
1227 2301 1257 2335 ei
1284 2314 1340 2334 me
1372 2301 1580 2335 addicerem

280 2361 359 2399 sine
386 2361 459 2399 ulla
486 2360 734 2399 haesitatione.
773 2381 820 2390 —
886 2361 943 2407 12)
976 2363 1181 2409 Προτρεπτ.
1226 2373 1263 2408 p.
1278 2359 1336 2397 36.
1371 2358 1429 2396 ed.
1457 2358 1582 2396 Heius.

282 2434 319 2468 p.
335 2422 392 2459 48.
416 2422 461 2458 A.
481 2422 539 2458 ed.
558 2421 730 2469 Sylburg.
748 2440 794 2450 —
845 2422 901 2466 13)
924 2420 1077 2456 Chiliad.
1096 2420 1160 2456 Vl.
1178 2434 1228 2455 vs.
1244 2420 1302 2455 69.
1323 2439 1361 2446 —
1410 2419 1467 2465 14)
1488 2419 1581 2456 ls72.

281 2496 329 2502 —
362 2479 420 2525 15)
448 2479 528 2515 Csr.
556 2479 663 2514 ctiam
683 2479 815 2515 Aread.
842 2479 887 2514 de
911 2479 1087 2515 accentib.
1113 2492 1172 2527 ap.
1199 2477 1297 2513 Bast.
1327 2484 1360 2512 et
1389 2479 1507 2512 Koen.
1537 2479 1580 2512 ad

282 2534 440 2585 Gregor.
464 2537 632 2576 Corinth.
664 2536 797 2586 p.580.
834 2536 892 2573 ed.
923 2537 1064 2574 Schaef.
1098 2556 1143 2565 —
1192 2538 1248 2583 16)
1277 2536 1386 2574 Biset.
1417 2538 1461 2573 ad
1493 2536 1580 2573 Ari·

281 2597 401 2643 stoph.
428 2597 578 2644 Lysistr.
613 2610 683 2634 vu.
704 2598 759 2634 81.
780 2597 881 2632 1261.
900 2597 958 2633 all.
1006 2598 1179 2634 Maittair.
1208 2598 1253 2632 de
1274 2597 1341 2633 Gr.
1371 2598 1393 2632 l.
1420 2596 1577 2632 dialecti.

281 2666 318 2702 p.
338 2650 417 2690 147.
457 2654 506 2690 D.
525 2654 594 2691 Ed.
614 2654 723 2691 lmsse.
757 2667 794 2703 p.
815 2655 893 2691 198.
922 2654 979 2691 ed·
1008 2655 1126 2692 siun.
1151 2653 1295 2692 Sebaes.
1324 2661 1358 2691 et
1383 2654 1502 2689 Koen.
1537 2654 1581 2691 ud

283 2710 397 2760 Greg.
418 2712 508 2750 Cor.
547 2726 583 2761 pa
603 2714 681 2751 299.
697 2725 780 2762 sqq.
797 2739 799 2741 -
